3609 5625
1760 768 2041 825 -4-

875 928 1192 1016 Corporis
1234 940 1475 1006 motuS,
1504 928 1625 1016 *qui
1668 927 1856 1021 φοραὶ
1892 926 1996 993 vel
2036 928 2315 1024 κινήσεις
2354 927 2692 1006 dicuntur,
2731 952 2924 1015 pares
2966 953 3040 992 ac

785 1052 1039 1116 similes
1081 1065 1236 1117 sunt
1273 1052 1904 1117 exercitationibus²
1944 1051 2079 1116 illis
2129 1051 2372 1140 quibus
2425 1052 2619 1138 pueri
2669 1052 2739 1116 in
2787 1053 3038 1140 palaeS-

782 1178 929 1254 tris,
974 1177 1259 1242 athletae
1303 1177 1370 1241 in
1418 1177 1807 1267 gymnasiiS,
1853 1159 2365 1267 gymnasiarcho
2407 1175 2602 1255 duce,
2647 1177 3029 1241 utebantur.

784 1301 1048 1366 Etenim
1080 1301 1255 1390 apud
1291 1301 1635 1366 Platonem
1676 1301 1961 1391 legimus
1993 1300 2352 1389 plerosque
2383 1299 2470 1387 (τὸ
2499 1297 2793 1366 πλεῖστον
2827 1302 3030 1393 μέρος)

781 1426 1086 1514 corporis
1154 1438 1370 1490 motus
1439 1426 1906 1491 saltationibus
1972 1426 2228 1503 inesse;
2299 1424 2415 1513 qui
2482 1426 2790 1489 cruribus
2849 1426 3033 1515 pedi-

782 1552 1063 1640 busque,
1113 1550 1403 1615 brachiis
1444 1575 1517 1614 ac
1558 1550 1888 1627 manibuS,
1933 1563 2196 1628 truncO,
2246 1549 2464 1638 capite
2514 1550 2605 1614 ita
2653 1548 3030 1614 efficiuntur

778 1688 852 1740 ut
898 1675 1163 1740 easdem
1216 1688 1440 1764 partes
1489 1675 1807 1763 paulatim
1868 1673 2175 1739 molliant
2217 1686 2283 1738 et
2328 1673 2596 1739 flectant
2645 1674 2961 1739 articulos
2982 1677 3025 1738 ³.

777 1802 872 1864 Ne
931 1800 1195 1864 mireris
1261 1801 1467 1890 igitur
1536 1802 1881 1865 Socratem
1939 1800 2020 1875 si,
2082 1800 2556 1888 Xenophontis
2612 1799 3029 1879 testimonio,

778 1925 1114 2014 quendam
1172 1923 1554 1989 saltatorem
1619 1947 2023 2014 magnopere
2090 1923 2459 1988 laudaverit
2518 1924 2699 2013 quod
2756 1924 2827 1988 in
2887 1926 3032 2014 ipsa

778 2049 1130 2113 saltatione
1187 2048 1368 2112 nulla
1429 2072 1581 2136 pars
1644 2048 1949 2136 corporis
2015 2047 2232 2112 otiosa
2298 2060 2472 2111 esset
2532 2048 2650 2112 sed
2708 2049 2905 2113 simul
2968 2063 3031 2114 et

776 2173 1019 2238 collum
1059 2186 1124 2238 et
1163 2197 1353 2238 crura
1391 2187 1457 2237 et
1494 2197 1726 2238 manus
1760 2186 2229 2238 exercerentur
2273 2200 2285 2237 ε
2333 2168 2429 2239 ὅτι
2467 2165 2646 2239 οὐδὲν
2689 2171 2879 2266 ἀργὸν
2915 2176 3026 2240 τοῦ

775 2300 1065 2390 σώματος
1112 2295 1174 2363 ἐν
1220 2304 1295 2389 τῇ
1348 2294 1624 2390 ὀρχήσει
1668 2293 1772 2378 ἦν,
1829 2295 1962 2389 ἅμα.
2006 2298 2113 2363 καὶ
2156 2295 2481 2390 τράχηλος
2525 2299 2632 2364 καὶ
2678 2297 2870 2379 σκέλη
2919 2303 3027 2367 καὶ

768 2428 986 2515 χεῖρες
1023 2420 1467 2516 ἐγυμνάζοντο,
1514 2420 1721 2513 ὥσπερ
1768 2423 1904 2513 χρὴ
1957 2418 2290 2513 ὀρχεῖσθαι
2334 2422 2438 2487 τὸν
2490 2420 2800 2515 μέλλοντα
2838 2419 3024 2519 εὐφο-

774 2551 1043 2640 ρὼτερον
1089 2548 1158 2613 τὸ
1215 2551 1406 2640 σῶμα
1461 2541 1619 2623 ἕξειν
1640 2549 1682 2610 ⁴.
1738 2547 1841 2612 Ab
1899 2548 2245 2612 Athenaeo
2305 2549 2679 2636 accepimus
2737 2550 3020 2614 eundem

775 2676 1145 2748 Socratem,
1210 2673 1325 2761 qui
1377 2659 1593 2736 libens
1653 2670 1991 2735 saltationi
2048 2670 2453 2763 indulgeret,
2516 2672 3023 2738 consuetudinis

770 2800 1099 2865 rationem
1161 2798 1389 2879 amicis
1452 2796 1867 2887 probavisse,
1927 2797 2259 2861 dicentem
2314 2822 2408 2878 se,
2470 2796 3021 2890 quotiescumque

770 2925 1063 3000 saltaret,
1109 2923 1373 3016 singula
1417 2924 1710 2987 membra
1762 2946 2072 2988 exercere
2095 2925 2138 2986 ⁵.
2188 2925 2371 3004 Quae
2421 2946 2569 2987 cum
2610 2923 2701 2988 ita
2741 2925 2900 3003 sint,
2950 2926 3018 2990 in

769 3049 1135 3138 quemlibet
1182 3048 1561 3113 saltatorem
1617 3049 1779 3111 haec
1837 3048 2034 3111 verba
2099 3047 2346 3111 cadunt
2391 3071 2558 3136 quae
2607 3050 3010 3137 Xenophon,

767 3175 836 3238 in
880 3174 1223 3253 Convivi0‚
1250 3173 1332 3237 de
1360 3172 1647 3262 quodam
1668 3171 1993 3257 ‘saltatore
2035 3172 2306 3259 scripsit
2332 3196 2345 3234 ε
2381 3169 2469 3236 ἵει
2501 3168 2634 3263 ἅμα
2659 3173 2881 3254 πάντα,
2909 3175 3016 3239 καὶ

764 3296 957 3378 σκέλη
998 3298 1107 3363 καὶ
1154 3300 1381 3390 χεῖρας
1430 3297 1537 3361 καὶ
1586 3293 1891 3390 κεφαλήν,
1924 3335 2014 3347 -
2057 3293 2213 3361 ἅπαν
2250 3295 2319 3360 τὸ
2359 3299 2548 3387 σῶμα
2587 3293 2935 3390 ἐγύμναζεν
2964 3301 3008 3364 ⁶.

763 3423 995 3488 Totius
1036 3423 1212 3487 enim
1253 3421 1555 3510 corporis
1605 3422 1793 3485 labor
1842 3421 1970 3485 hoc
2021 3421 2364 3508 spectabat
2401 3433 2475 3484 ut
2510 3444 2752 3509 corpus
2801 3435 3013 3487 totum

769 3549 1008 3612 robore
1051 3531 1221 3612 bene
1258 3547 1504 3635 partito
1545 3546 1854 3634 polleret.

848 3673 1070 3737 Motus
1128 3685 1344 3737 autem
1408 3671 1636 3764 (φοραί)
1684 3694 1821 3754 non
1873 3670 2070 3734 modo
2129 3669 2244 3734 alii
2304 3671 2386 3734 ab
2444 3670 2591 3734 aliis
2648 3673 3003 3760 separandi

839 4094 897 4150 2.
930 4093 1204 4173 γυμνάσιοι
1234 4090 1638 4169 διαπονήματα.
1674 4089 1876 4159 Plato,
1912 4096 2121 4169 Legae,
2156 4091 2298 4161 813,
2333 4092 2393 4149 d.

840 4188 898 4245 3.
936 4191 1102 4269 ὑγρὸν
1132 4179 1289 4245 εἶναι.
1322 4183 1643 4258 Libanius,
1677 4180 1808 4264 ὑπὲρ
1839 4187 1945 4242 τῶν
1974 4186 2283 4266 ὀρχηστῶν,
2313 4184 2415 4244 22.

840 4281 899 4338 4.
934 4278 1307 4357 Xenophon,
1348 4279 1706 4345 convivium,
1742 4277 1799 4345 2,
1839 4278 1932 4334 15.

833 4376 890 4431 5.
922 4371 1117 4440 παντὸς
1148 4366 1283 4432 εἶναι
1323 4371 1528 4450 μέλους
1570 4368 1662 4440 τὴν
1700 4367 1922 4453 ὄρχησιν
1955 4369 2274 4450 γυμνάσιον.
2319 4369 2697 4442 Athenaeus,
2740 4373 3009 4449 Deipno-

764 4468 1089 4546 sophistae,
1123 4466 1224 4536 20,
1259 4466 1299 4522 f.

699 4567 704 4573 '
831 4563 889 4620 6.
923 4559 1295 4639 Xenophon,
1336 4560 1698 4627 Convivizcm,
1734 4558 1791 4627 2,
1828 4556 1925 4614 22.
