3609 5625
1813 679 2125 738 ..76-

1768 1420 2172 1582 XVII

1284 1944 1697 2024 Quomodo
1736 1941 2071 2007 habitus
2111 1936 2467 2031 (σχήματα)
2513 1956 2696 2006 cum

1423 2082 1427 2086 ⁴
1479 2103 1836 2169 motibus
1879 2099 2115 2191 (φοραί)
2148 2103 2466 2169 coeant.

955 2539 1346 2605 saltationis
1409 2541 1675 2604 habitus
1738 2539 2122 2633 (σχήματα),
2188 2541 2497 2629 quoniam
2561 2540 2955 2626 praesertim
3014 2538 3093 2603 ad
3175 2560 3178 2562 ’

874 2665 1266 2730 imitandum
1340 2665 1561 2730 valent
1633 2677 1700 2729 et
1783 2664 2163 2729 saltatorem
2240 2665 2550 2729 idoneum
2627 2666 2924 2731 efficiunt
2985 2668 3097 2755 qui

877 2784 1105 2848 Musae
1162 2804 1358 2847 voces
1414 2781 1708 2847 declaret
1757 2782 1824 2861 ¹⁸,
1874 2782 2314 2871 spectantium
2369 2783 2623 2847 animos
2675 2782 2853 2847 haud
2912 2806 3097 2848 secus

883 2920 1079 2995 atque
1119 2908 1345 2971 oculos
1386 2919 1656 2987 tenent3
1707 2920 1804 2986 ut,
1852 2907 2142 2971 motibus
2193 2919 2257 2971 et
2312 2908 2651 2972 habitibus
2696 2909 2909 2996 perite
2959 2933 3105 2973 con-

867 3032 1140 3120 junctis,
1178 3031 1440 3095 saltatio
1473 3031 1554 3095 ad
1592 3032 1934 3095 veritatem
1981 3045 2048 3096 et
2089 3031 2280 3120 quasi
2320 3031 2404 3096 ad
2441 3032 2640 3097 vitam
2677 3032 3099 3120 perducatur.

876 3157 1086 3237 Quam
1155 3155 1725 3244 conjunctionem,
1783 3156 2118 3244 quomodo
2188 3156 2324 3236 fiat,
2374 3157 2717 3222 nonnullis
2789 3158 3103 3246 exemplis

865 3281 1182 3368 aperiam.

956 3405 1352 3494 Accepimus
1392 3418 1608 3470 autem
1639 3384 1685 3469 xa
1725 3405 2087 3471 Plutarcho
2125 3405 2393 3470 habitus
2434 3431 2578 3471 esse
2613 3407 2868 3501 σχέσεις
2907 3421 3098 3496 atque

874 3527 1197 3608 διαθέσεις,
1242 3530 1718 3617 dispositiones
1766 3530 2024 3595 scilicet
2061 3543 2126 3594 et
2166 3532 2455 3618 quodam
2496 3531 2693 3596 modo
2730 3532 3099 3597 tabularum

871 3668 1284 3746 argumenta,
1335 3655 1405 3717 in
1468 3678 1634 3743 quae
1701 3669 1919 3719 motus
1978 3655 2287 3720 desinant
2318 3657 2382 3719 ¹⁹.
2439 3656 2695 3738 Quibus
2766 3657 3100 3722 habitibus

957 4082 1050 4139 18.
1084 4080 1311 4159 Μούσης
1339 4081 1488 4151 λέξιν
1518 4081 1859 4162 μιμουμένων
1888 4082 2106 4161 (Plato,
2134 4086 2344 4160 Lege8‚
2378 4082 2513 4148 795,
2547 4078 2622 4158 e).

956 4175 1048 4231 19.
1091 4179 1358 4256 σχήματα
1387 4173 1446 4234 δὲ
1476 4179 1694 4258 σχέσεις
1729 4175 1821 4236 καὶ
1852 4175 2116 4242 διαθέσεις
2157 4178 2230 4242 εἷς
2274 4174 2336 4243 ἃς
2372 4179 2663 4257 φερόμεναι
2702 4172 3028 4231 τελευτῶσιν
3057 4170 3110 4228 αἱ
3222 4201 3230 4206 -

876 4266 1125 4338 κινήσεις,
1154 4269 1282 4328 ὅταν
1320 4266 1675 4337 ’Λπόλλωνος
1703 4268 1737 4341 ἢ
1772 4275 2055 4336 Πανὸς....
2088 4273 2274 4350 σχῆμα
2304 4270 2574 4334 διαθέντες
2613 4265 2703 4326 ἐπὶ
2731 4275 2828 4325 τοῦ
2859 4261 3109 4341 σώματος

879 4365 1154 4441 γραφικῶς
1175 4367 1292 4430 τοῖς
1322 4364 1528 4422 εἴδεσιν
1562 4365 1858 4442 ἐπιμένωσι
1886 4361 2297 4442 (Plutarchus,
2332 4364 2676 4421 Convivalia
2702 4357 3102 4426 Problemata,

876 4454 934 4523 2,
972 4452 1087 4517 15).
