3609 5625
1716 680 2035 739 —12—

762 850 1105 925 poetarum
1143 840 1344 904 verba
1387 841 1973 907 accommodantur
2017 856 2088 906 ut
2138 856 2337 932 gestu
2388 844 2706 934 pleraque
2748 845 3012 936 signifi-

760 975 945 1039 cent3
982 964 1222 1051 quibus
1258 964 1489 1029 insunt
1519 989 1750 1030 omnes
1781 980 1999 1032 motus
2043 967 2274 1060 (φοραί)
2311 992 2346 1031 0
2386 969 2630 1056 quibus
2659 993 3012 1060 γυμναστι·

763 1078 869 1142 καὶ
907 1074 1211 1171 ὀρχήσεις
1242 1094 1574 1158 constant,
1611 1082 1727 1146 sed
1766 1082 1971 1147 iidem
2003 1097 2242 1158 motuS,
2282 1083 2438 1172 qu‘ia
2464 1084 2544 1148 ad
2576 1084 3011 1153 imitationem

768 1215 1099 1290 aptantur,
1136 1204 1201 1267 in
1245 1205 1408 1269 alias
1447 1220 1643 1295 atque
1675 1206 1836 1271 alias
1873 1208 2116 1272 formas
2145 1220 2498 1273 transeunt
2527 1222 2601 1272 ut
2631 1208 2823 1297 signa
2853 1210 3012 1275 fiant

769 1340 834 1392 et
890 1353 1044 1393 vere
1114 1331 1355 1394 mentis
1420 1331 1846 1420 interpreteS.
1918 1334 2017 1396 Ex
2063 1356 2193 1422 quo
2252 1332 2536 1397 efficitur
2588 1336 3015 1426 γυμναστικὸις

772 1450 1076 1546 ὀρχήσεις
1111 1455 1400 1543 primum
1435 1456 1594 1519 artis
1626 1457 1915 1521 saltandi
1945 1457 2223 1550 gradupn
2266 1481 2409 1521 esse
2446 1471 2510 1522 et
2540 1459 2729 1548 quasi
2763 1460 2898 1523 vias
2929 1457 3010 1523 ad

777 1581 1120 1670 μιμητικὰς
1166 1575 1510 1671 ὀρχήσειςρ
1546 1606 1714 1671 quae
1766 1582 2108 1647 absolutae
2154 1581 2548 1646 saltationes
2591 1596 2768 1661 sunt,
2804 1583 3009 1672 quod,

775 1728 909 1768 non
932 1704 1129 1768 modo
1161 1704 1244 1768 ad
1273 1705 1798 1770 confirmandum
1824 1730 2065 1794 corpus
2089 1706 2369 1771 multum
2392 1708 2644 1771 habent
2667 1708 3014 1786 momenti,

776 1829 892 1892 sed
927 1829 1121 1893 etiam
1154 1829 1358 1893 animi
1388 1843 1543 1895 sunt
1581 1829 1864 1894 indiceS.
1904 1831 2081 1912 Quid
2121 1831 2361 1919 plura?
2391 1833 2557 1896 Cum
2604 1856 2684 1895 ex
2729 1833 3020 1896 motibus

777 1954 1003 2046 (φοραί)
1057 1953 1215 2017 solis
1270 1954 1694 2045 γυμναστικαὶ
1737 1949 2042 2046 ὀρχήσεις
2094 1969 2426 2034 constent,
2488 1970 2629 2021 tum
2679 1957 3024 2048 μιμητικαὶ

778 2075 1104 2172 ὀρχήσεις,
1163 2079 1416 2143 scilicet
1460 2080 1792 2168 perfectae
1844 2082 2257 2162 saltationes,
2294 2106 2328 2146 e
2378 2083 2669 2146 motibus
2720 2095 2788 2148 et
2836 2083 3021 2148 habi-

774 2205 954 2268 tibus
997 2205 1330 2296 (σχήματα)
1364 2205 1672 2268 oriuntur
1711 2229 1906 2293 quam
1957 2205 2287 2271 artissime
2328 2207 2706 2294 permixtis,

874 2329 1157 2418 Sapiens
1200 2328 1312 2393 ille
1347 2331 1678 2408 Socrates,
1725 2330 1851 2394 etsi
1890 2331 2199 2422 σχήματα
2238 2330 2613 2394 saltationis
2655 2332 3019 2410 nesciebat,

780 2452 1000 2518 libens
1039 2467 1261 2518 tamen
1301 2453 1692 2544 indulgebat
1745 2450 2060 2548 ὀρχήσεσι
2095 2459 2578 2546 γυμναστικαῖς,
2622 2469 2696 2520 ut
2734 2481 2771 2520 a
2806 2458 3025 2521 Xeno·

785 2579 1035 2667 phonte
1063 2579 1383 2643 traditum
1433 2591 1555 2643 est.
1606 2580 1802 2669 Apud
1843 2604 2040 2668 quem
2093 2581 2376 2671 legimus
2420 2583 2787 2656 Socratem,
2841 2593 3025 2669 post-

786 2727 985 2793 quam
1015 2727 1163 2768 eum
1200 2703 1593 2769 Charmides
1624 2727 1816 2769 mane
1857 2704 2209 2768 saltantem
2252 2704 2790 2792 deprehenderat
2822 2715 2885 2766 et
2924 2703 3027 2765 vix

786 2853 983 2894 sanae
1019 2830 1258 2893 mentis
1289 2829 1801 2909 existimaverat,
1848 2843 2200 2918 patronum
2242 2824 2622 2894 saltationis
2653 2841 2784 2893 tam
2822 2828 3027 2892 diser·

784 2968 926 3018 tum
958 2979 1028 3025 se
1051 2953 1428 3042 prodidisse
1458 2967 1530 3019 ut
1553 2954 1980 3020 Charmidem
2001 2954 2219 3043 ipsum
2244 2954 2327 3018 ad
2351 2953 2627 3018 cottidie
2656 2952 3028 3017 saltandum

787 3079 1148 3143 induxerit.
1228 3082 1537 3145 Socrates
1596 3079 1797 3155 idem,
1856 3103 2005 3143 cum
2065 3078 2262 3167 paulo
2321 3092 2475 3167 post
2536 3077 2711 3167 apud
2752 3076 3029 3141 Calliam

789 3217 1057 3269 cenaret
1087 3217 1154 3268 et
1189 3205 1417 3269 amicis
1461 3205 1977 3269 comissantibus
2019 3216 2312 3268 moveret
2350 3203 2561 3267 risum
2603 3202 2784 3291 quod
2834 3199 3031 3265 salta-

790 3328 993 3395 tionis
1044 3330 1313 3394 habitus
1364 3331 1711 3422 (σχήματα)
1763 3328 2070 3394 discendi
2112 3351 2257 3393 esse
2296 3327 2610 3417 cupidum
2662 3350 2730 3390 se
2771 3303 3031 3414 profite-

796 3467 1002 3533 retur,
1054 3454 1146 3519 ita
1186 3454 1348 3544 quid
1388 3454 1470 3519 de
1520 3454 1869 3519 saltatione
1924 3453 2202 3518 sentiret
2251 3450 2652 3544 significavit
2706 3475 2719 3513 ε
2778 3476 2812 3512 (ε
2864 3449 3035 3514 nihil

796 3580 1014 3668 aptius
1064 3604 1208 3645 esse
1248 3604 1447 3668 quam
1493 3579 1864 3643 saltationis
1914 3577 2426 3642 exercitationes
2467 3576 2548 3641 ad
2586 3563 3035 3639 valetudinem

798 3705 1328 3782 sustentandam,
1391 3704 1797 3769 incitandam
1857 3703 2261 3779 aviditatem,
2327 3724 2632 3765 somnum
2696 3723 3040 3763 arcessen-

796 3831 989 3911 dum3
1040 3830 1440 3918 easdemque
1489 3828 1884 3893 mirabiliter
1933 3827 2278 3917 corrigere
2317 3826 2739 3905 obesitatem,
2785 3825 2838 3887 si
2872 3823 3041 3888 sorte

794 3969 1025 4020 venter
1058 3956 1453 4043 promineat,
1490 3968 1556 4018 et
1594 3954 1769 4018 vires
1810 3955 1936 4017 toti
1975 3953 2251 4041 corpori
2318 3949 2685 4040 aequaliter
2724 3948 3044 4038 suppedi-

796 4099 978 4164 tare3
1012 4095 1107 4161 ut,
1145 4082 1200 4145 si
1241 4082 1391 4169 quis
1442 4080 1781 4145 saltationi
1839 4090 2182 4143 assuescat
2229 4089 2295 4141 et
2342 4075 2705 4140 saltatoriis
2755 4074 3049 4137 motibus

804 4208 1098 4299 singulas
1130 4230 1425 4296 quasque
1457 4205 1758 4295 corporis
1797 4218 2024 4293 partes
2068 4203 2456 4290 frequenter
2505 4200 2713 4289 agitet
2752 4222 2825 4263 ac
2866 4222 3047 4261 com-

805 4333 1045 4424 posite,
1101 4333 1259 4397 vitia
1307 4355 1476 4419 quae
1529 4329 1803 4418 propria
1853 4330 1988 4392 sint
2033 4327 2431 4394 athletarum
2471 4322 2749 4414 effugiat
2812 4347 2825 4385 :
2877 4345 3051 4385 com-

807 4472 1000 4548 pacta
1030 4481 1221 4522 crura
1251 4479 1649 4544 umerosque
1682 4455 1887 4519 exiles
1919 4476 2287 4530 cursorum,
2317 4449 2511 4515 exilia
2534 4472 2645 4513 cru
2658 4472 2751 4524 ra,
2779 4445 3053 4510 latiores
