3609 5625
1763 720 2084 777 ...16-

792 879 913 969 γὸιρ
949 875 1218 951 πιθανῶς
1248 878 1364 956 τὴν
1400 876 1725 971 πυρρίχην
1768 879 1877 943 καὶ
1917 881 2318 971 χειρονομῶν
2360 873 2422 942 ἐν
2460 881 2596 950 ταῖς
2630 875 3050 969 παλαίστραις

796 999 997 1069 ἐδόκει
1030 999 1345 1096 διαφέρειν
1373 1005 1499 1068 τῶν
1526 1000 1769 1068 παίδων
1803 1003 1871 1066 “.
1911 1003 2345 1069 Chironomia
2373 1003 2553 1067 enim
2590 1005 3037 1095 (χειρονομία),

795 1128 877 1192 de
921 1153 1051 1218 qua
1097 1151 1306 1217 pauca
1361 1127 1532 1192 infra
1580 1127 1820 1206 dicam,
1868 1151 2021 1215 pars
2070 1127 2672 1217 est.gymnasticae
2724 1128 3035 1193 simulac

798 1253 1086 1318 saltandi
1132 1253 1326 1332 artis3
1385 1265 1462 1316 ut
1511 1251 1582 1316 in
1635 1264 1953 1340 promptu
2004 1252 2112 1330 sit,
2168 1276 2248 1315 ex
2293 1252 2422 1316 hoc
2470 1252 2814 1317 Plutarchi
2870 1253 3039 1333 loco,

796 1377 1264 1466 palaestricum
1303 1378 1695 1466 magistrum
1737 1372 2189 1466 (παιδοτρίὸης)
2228 1400 2376 1442 cum
2418 1376 2795 1441 saltatorios
2828 1390 3043 1442 motus

797 1524 1040 1591 pueros
1075 1501 1339 1579 docere,
1384 1514 1523 1565 tum
1555 1502 1883 1565 arbitrum
1914 1500 2074 1593 eligi
2105 1501 2505 1567 saltationis.

885 1629 1235 1691 Praeterea
1261 1638 1542 1690 testatur
1565 1625 1905 1703 LibaniuS‚
1928 1664 2018 1675 —
2046 1649 2245 1714 quem
2277 1649 2634 1715 sequemur
2662 1650 3038 1713 quanquam

797 1751 1130 1815 recentior
1184 1751 1453 1839 scripsit
1489 1751 1568 1826 ⁴²,
1625 1789 1717 1800 —
1782 1774 1819 1814 a
1877 1750 2388 1840 gymnasiarcho
2459 1751 2850 1843 (γυμναστὴς
2928 1776 3040 1817 seu

792 1871 1214 1965 παιδοτρίὸης)
1252 1874 1566 1962 discipuli
1613 1875 1916 1939 membra
1963 1874 2057 1937 sic
2107 1874 2514 1938 conformari
2562 1887 2629 1939 et
2670 1875 2922 1940 molliri
2973 1890 3042 1941 ut

797 1999 1013 2088 pueri,
1066 2012 1422 2086 antequam
1476 1998 1766 2063 saltandi
1827 1999 2147 2089 magistro
2204 1998 2556 2064 tradantur
2613 1996 3037 2086 (διδάσκαλος,

796 2119 1481 2216 ὀρχηστοδιδάσκαλος)
1511 2123 1592 2187 ad
1623 2146 1890 2187 omnem
1927 2122 2369 2187 imitationem
2410 2136 2714 2211 paratum
2752 2126 3041 2190 habeant

795 2272 1037 2336 corpus
1072 2261 1268 2337 atque
1315 2248 1397 2311 ad
1437 2271 1668 2311 omnes
1708 2248 1975 2312 habitus
2012 2248 2360 2339 (σχήματα)
2408 2250 2978 2314 accommodatum
3022 2275 3036 2312 :

791 2374 1070 2439 τοιοῦτον
1104 2373 1214 2465 μὲν
1255 2371 1285 2437 ὁ
1313 2372 1679 2465 γυμναστὴς
1712 2374 1801 2459 τῷ
1841 2369 2199 2460 διδασκάλῳ
2229 2374 2696 2463 παρασκευάσει
2721 2373 2791 2439 τὸ
2822 2376 3036 2465 σῶμα,

791 2496 1002 2563 λαὸὧν
1046 2494 1336 2571 δ’ἐκεῖνος
1383 2491 1637 2575 εὐπειθῆ
1693 2500 1820 2562 τῶν
1864 2494 2075 2589 μελῶν
2115 2497 2230 2576 τὴν
2281 2496 2583 2589 ἁρμονίαν
2637 2495 2727 2571 είς
2777 2496 3043 2573 ἅπαντος

792 2625 1123 2717 σχήματος
1162 2624 1543 2701 καταστήσει
1584 2622 1858 2714 μίμησιν
1888 2624 1955 2687 ⁴³.
2000 2623 2266 2687 Etenim
2316 2623 2695 2688 saltatorem
2742 2638 3037 2713 oportet,

793 2748 1349 2838 quemadmodum
1418 2748 1739 2838 magistro
1805 2746 2066 2837 placeat
2131 2760 2329 2836 atque
2400 2761 2494 2835 ut¹
2534 2749 2831 2838 postulet
2900 2774 3031 2826 τοο,

794 2898 1040 2964 corpus
1087 2887 1342 2939 mutare
1392 2886 1456 2937 et
1504 2897 1740 2962 parum
1792 2875 2025 2937 abesse
2076 2860 2237 2962 quin
2278 2874 2561 2938 Proteus
2611 2876 2697 2938 sit
2733 2875 2801 2936 ⁴⁴.
2842 2876 3038 2956 Quod

798 3011 869 3063 ut
910 2999 1046 3078 fiat,
1088 2997 1417 3087 gymnasii
1471 2997 1790 3087 magister
1851 2993 2304 3086 (παιδοτρίὸης)
2361 2996 2563 3061 variis
2618 2999 3032 3064 exercitatio·

795 3123 993 3188 nibus
1040 3134 1333 3212 praeest,
1386 3145 1665 3209 quarum
1707 3121 2029 3209 quasdam
2078 3121 2258 3185 haud
2302 3122 2446 3185 sine
2494 3122 2793 3209 periculo
2836 3124 3038 3210 perfi-

752 3250 977 3314 'ciunt
1024 3246 1363 3335 discipuli,
1427 3259 1501 3311 ut
1556 3246 1744 3310 illum
1813 3246 2043 3311 ludum
2111 3269 2308 3335 quem
2360 3242 2584 3311 κύκλον
2643 3270 2762 3315 seu
2814 3247 3038 3339 τρόχον

788 3385 1051 3451 vocant,
1087 3372 1168 3436 de
1201 3396 1332 3459 quo
1365 3394 1573 3458 pauca
1601 3370 2006 3458 Xenophon,
2035 3370 2322 3458 plurima
2352 3370 2668 3435 Libanius
2701 3371 3029 3459 exposuit.

879 3500 1124 3562 Locum
1169 3509 1391 3583 ,autem
1439 3519 1523 3559 ex
1562 3495 1869 3571 Libani0‚
1916 3494 2186 3558 tametsi
2234 3493 2316 3559 ad
2358 3518 2704 3560 romanum
2758 3497 3033 3563 mimum

790 3623 1213 3711 potiusquam
1259 3620 1341 3683 ad
1399 3643 1713 3712 graecum
1771 3619 2155 3684 saltatorem
2208 3620 2527 3707 pertinet,
2574 3620 2843 3686 laudare
2898 3647 3033 3687 non

869 4043 968 4100 41.
1001 4041 1394 4114 PlutarchuS‚
1439 4045 1799 4115 Οοηνίνίαιη,
1835 4046 1895 4115 9,
1933 4046 2029 4102 15.

866 4136 963 4193 42.
999 4133 1317 4207 LibaniuS‚
1353 4137 1598 4196 saeculo
1630 4150 1851 4217 quarto
1880 4150 2029 4216 post
2060 4136 2374 4197 Christum
2404 4148 2633 4207 natum,
2664 4136 3031 4196 Antiochiae

787 4229 1047 4288 florebat
1076 4229 1450 4307 eloquentia.

865 4323 964 4381 43.
999 4322 1319 4393 LibaniUS‚
1354 4321 1487 4406 ὑπὲρ
1515 4328 1622 4384 τῶν
1650 4328 1951 4406 ὀρχηστῶν,
1989 4325 2088 4385 22.
2151 4352 2158 4359 ’

865 4417 964 4476 44.
999 4416 1422 4496 μεταπίπτοντος
1456 4420 1775 4500 [ὀρχηστοῦ]
1820 4422 1892 4487 εἷς
1934 4419 1964 4478 ὅ
2006 4443 2060 4478 τι
2104 4417 2286 4499 βούλει
2324 4429 2417 4479 τοῦ
2457 4417 2732 4499 σώματος..
2776 4416 3032 4501 Πρωτεὺς

785 4509 1078 4591 Αιγύπτιος
1112 4522 1311 4593 μικροῦ
1343 4509 1542 4572 τούτων
1573 4510 1827 4579 ἕκαστος.
1864 4511 2185 4584 LibaniuS,
2221 4509 2351 4595 ὑπὲρ
2381 4517 2487 4572 τῶν
2513 4516 2820 4594 ὀρχηστῶν,
2842 4513 2943 4569 24.
