3609 5625
1502 693 1819 750 ...21-

521 848 916 942 τηρούμενον
945 849 1170 933 τύπον;
1207 850 1291 924 ὡς
1333 852 1444 944 μὲν
1472 854 1592 943 γαρ
1626 847 1960 943 ὑπόπτεροι
1985 852 2411 944 περιάγονται,
2443 850 2789 917 τελευτῶσι

534 971 600 1038 δὲ
631 972 718 1048 εἰς
748 972 1037 1054 ἀκίνητον
1068 977 1309 1059 στάσιν,
1349 967 1557 1067 ὥσπερ
1585 973 2063 1069 κεκολλημένοι,
2078 1028 2209 1045 .....
2243 976 2424 1050 πόνος
2452 974 2518 1042 δὲ
2552 975 2786 1070 μείζων

535 1098 738 1189 ἕτερος
784 1096 1261 1192 συγκαταλῦσαι
1309 1104 1397 1187 τῷ
1444 1099 1701 1193 ἄσματι.
1744 1102 2035 1176 τοσοῦτος
2079 1101 2189 1167 τοῦ
2238 1102 2463 1194 μέτρου
2501 1099 2686 1193 λόγος
2724 1097 2786 1166 ἐν

537 1221 884 1317 ὀρχησταῖς
912 1227 980 1287 ⁵⁸.
1019 1225 1215 1307 Quod
1257 1249 1580 1290 summam
1619 1227 1822 1291 habet
1861 1202 2347 1303 difficultatem,
2384 1226 2451 1291 id
2491 1227 2787 1316 discipu-

535 1337 675 1413 lum
714 1350 914 1415 docet
959 1351 1292 1440 gymnasii
1331 1351 1650 1442 magister
1695 1377 1708 1415 ε
1755 1376 1884 1441 qua
1924 1353 2179 1417 ratione
2219 1354 2478 1417 numeri
2517 1377 2553 1417 a
2593 1354 2789 1418 salta-

536 1487 680 1570 tore
710 1489 1081 1540 serventur.
1123 1476 1256 1542 Sed
1289 1477 1416 1541 hoc
1457 1476 1524 1540 in
1566 1477 1786 1541 medio
1826 1476 2221 1567 relinquam.

1608 2009 1722 2167 V

1001 2416 1591 2498 Gymnasticae
1639 2363 1853 2482 artis
1901 2415 2327 2491 elementa,

1126 2602 1217 2615 —
1253 2564 1441 2658 φοραί
1480 2566 1810 2657 σχήματα,
1858 2564 2076 2656 μέτρα,
2116 2603 2207 2614 -

785 2720 999 2785 artis
1049 2720 1413 2786 saltandi
1460 2721 1890 2786 elementis
1935 2721 2278 2787 finitima.
2323 2735 2540 2787 esse.

636 3016 1009 3082 Certiorem
1055 3029 1122 3080 te
1170 3017 1366 3099 facio,
1420 3017 1534 3106 qui
1583 3018 1747 3085 haec
1795 3018 2007 3109 legas,
2062 3018 2395 3108 pentathli
2444 3033 2510 3083 et
2557 3022 2787 3108 hoplo-

538 3141 761 3206 :machi
793 3142 1302 3206 exercitationes
1333 3166 1369 3206 a
1400 3167 1504 3206 me
1534 3143 1666 3227 dici
1699 3145 2178 3234 gymnasticass
2199 3143 2531 3210 saltatoris
2558 3160 2789 3211 contra

535 3267 1052 3332 exercitationes
1104 3267 1325 3332 vocari
1380 3268 1777 3347 saltatorias‚
1831 3291 2208 3356 quanquam
2264 3281 2577 3357 utrasque
2630 3294 2790 3334 nus-

549 3415 745 3480 quam
796 3392 1174 3483 segregavit
1217 3390 1405 3455 Plato
1446 3403 1511 3455 et
1555 3415 1688 3455 uno
1727 3391 1998 3455 nomine
2043 3415 2308 3479 semper
2351 3392 2700 3480 conjunxit
2717 3395 2784 3455 ⁵⁹.

638 3516 1106 3603 Gymnasticae
1147 3529 1365 3589 autem
1407 3516 1914 3581 exercitationes
1955 3540 1989 3579 e
2025 3517 2313 3582 motibus
2350 3518 2581 3610 (φοραί,
2613 3520 2792 3598 κινή-

554 3641 735 3731 ματα)
781 3652 1092 3705 constant
1134 3641 1558 3732 quibusdam,
1608 3665 1890 3730 quorum
1940 3641 2298 3706 nonnullos
2343 3643 2674 3731 proferam
2721 3659 2791 3708 ut

549 3767 1093 3831 demonstrentur
1125 3766 1451 3831 simillimi
1480 3767 1839 3832 saltatoriis
1872 3767 2160 3835 motibus
2192 3791 2362 3832 esse.

634 4142 730 4199 58.
766 4141 1087 4212 Libanius‚
1121 4139 1252 4226 ὑπὲρ
1282 4145 1392 4203 τῶν
1421 4145 1718 4224 ὀρχηστῶν,
1752 4143 1851 4201 24.

636 4236 734 4292 59.
767 4235 1040 4314 γυμνάσια
1071 4238 1486 4315 διαπονήματα.
1521 4235 1725 4309 Plato,
1756 4242 1970 4315 Leges,
2003 4238 2143 4311 813,
2176 4240 2236 4299 d.
