3609 5625
1505 771 1824 828 ...19-

537 929 850 1019 adjuncta
889 942 992 994 est
1030 942 1096 993 et
1132 928 1659 994 Atheniensibus
1700 929 2051 994 notissima
2099 929 2246 1009 fuit,
2294 929 2537 1019 quibus
2590 933 2789 997 etiam

537 1054 699 1119 belli
763 1054 1173 1143 comparatio
1238 1053 1411 1118 sacta
1478 1066 1580 1118 est
1617 1056 1686 1118 ⁸⁰.
1732 1055 1952 1136 Quae,
2031 1055 2349 1144 quoniam
2415 1054 2788 1122 imitatione

540 1191 756 1243 motus
798 1177 1160 1270 effingebat
1198 1179 1443 1267 quibus
1484 1191 1865 1272 pugnantes
1897 1180 2066 1244 ictus
2101 1178 2415 1244 adversos
2454 1193 2687 1245 cavent
2726 1194 2792 1246 et

538 1304 607 1367 in
672 1304 899 1368 hostes
968 1303 1254 1380 irruunt,
1310 1303 1773 1393 imprimisque
1830 1305 2180 1369 constabat
2245 1328 2327 1369 ex
2391 1304 2789 1370 militaribus

542 1429 921 1508 exercitiis,-
966 1428 1236 1508 cecidit,
1298 1442 1371 1493 ut
1436 1428 1721 1493 similius
1776 1429 1919 1493 veri
1980 1442 2103 1506 est,
2166 1428 2237 1492 in
2300 1428 2789 1519 hoplomachi⁸¹

542 1550 958 1646 (ὁπλομάχος)
990 1553 1425 1642 provinciam,
1462 1577 1498 1618 a
1540 1577 1672 1643 quo
1712 1553 2127 1618 docebantur
2167 1554 2414 1641 ephebi
2456 1578 2790 1619 armorum

544 1679 1031 1743 tractationem.

631 1804 704 1867 In
744 1802 1097 1891 palaestris
1140 1801 1373 1867 itidem
1416 1801 1885 1867 Chironomiae
1926 1799 1987 1888 (ἡ
2028 1800 2440 1893 Χειρονομία)
2482 1801 2792 1892 indulge-

545 1929 705 1993 bant
737 1928 955 2017 pueri,
980 1939 1064 1992 ·ut
1098 1939 1375 2016 apparet
1414 1951 1494 1991 ex
1532 1926 1659 1990 hoc
1691 1926 2034 1991 Plutarchi
2063 1926 2208 1991 loco
2245 1951 2260 1989 ε
2297 1923 2642 2019 ὠρχήσατο
2670 1928 2791 2017 γὰρ

544 2053 916 2145 [Λαμπρίας]
958 2052 1073 2131 τὴν
1127 2050 1452 2145 πυρρίχην
1499 2052 1606 2117 καὶ
1650 2054 2051 2144 χειρονομῶν
2100 2046 2163 2115 ἐν
2208 2054 2344 2124 ταῖς
2384 2048 2798 2142 παλαίστραις

546 2174 746 2243 ἐδόκει
789 2173 1107 2271 διαφέρειν
1153 2180 1278 2242 τῶν
1325 2173 1566 2243 παίδων
1601 2179 1667 2240 ”.
1702 2178 2118 2268 Χειρονομεῖν
2144 2175 2375 2265 [autem
2419 2189 2519 2240 est
2562 2199 2798 2241 manus

544 2303 625 2367 ad
657 2301 891 2367 modos
928 2325 1191 2366 movere
1213 2301 1280 2380 ⁵³,
1310 2301 1568 2370 scilicet
1597 2302 1907 2366 manibus
1940 2300 2207 2365 saltare.
2234 2299 2407 2364 Illud
2439 2312 2540 2364 est
2570 2324 2795 2389 quam-

546 2429 774 2493 obrem
838 2427 1213 2507 Herodoto,
1264 2427 1345 2491 de
1400 2426 1802 2516 Hippoclide
1866 2426 2279 2491 Atheniense
2340 2426 2614 2504 dicenti,
2677 2449 2799 2514 per

547 2554 935 2619 abusionem
982 2554 1281 2617 scribere
1320 2552 1594 2617 libuerit
1630 2577 1645 2615 ε
1678 2555 1812 2625 τοῖς
1848 2548 2103 2617 σκέλεσι
2145 2547 2604 2644 ἐχειρονόμησε
2625 2549 2694 2627 ⁸⁴,
2729 2551 2800 2615 id

549 2693 669 2758 est,
714 2692 787 2744 ut
823 2675 1207 2743 Aristotelis
1255 2679 1476 2743 verbis
1523 2691 1673 2742 utar
1719 2703 1732 2740 :
1788 2677 2232 2770 μεταστρέφειν
2277 2677 2392 2760 τὴν
2439 2679 2658 2769 χεῖρα,
2692 2677 2799 2746 καὶ

546 2808 632 2892 τῷ
657 2800 804 2870 ποδὶ
834 2801 918 2878 ὡς
945 2803 1125 2897 χειρὶ
1152 2804 1260 2868 καὶ
1287 2801 1481 2894 ταύτῃ
1517 2800 1600 2877 ὡς
1626 2798 1773 2868 ποδὶ
1800 2800 2085 2895 χρῆσθαι
2104 2804 2170 2866 ⁵¹⁵.
2200 2803 2342 2884 Qua
2367 2801 2800 2869 Chironomia

549 2931 739 3020 pueri
796 2930 866 2993 in
924 2929 1308 3018 palaestriS,
1373 2953 1450 2993 ea
1506 2942 1686 2993 certe
1746 2929 1814 2992 in
1873 2928 2239 3019 gymnasiis
2302 2928 2546 3016 ephebi
2603 2941 2798 3016 atque

550 3055 837 3121 athletae
879 3056 1384 3131 exercebantur,
1428 3067 1525 3129 ut,
1573 3054 1687 3118 alii
1728 3053 2080 3119 saltatores
2121 3052 2343 3140 periti,
2389 3052 2501 3116 alii
2538 3053 2800 3117 robusti

551 3181 910 3244 luctatores
969 3178 1348 3243 evaderent.
1414 3178 1537 3243 Cui
1604 3178 1703 3242 rei
1769 3176 2172 3241 documento
2230 3189 2332 3241 est
2388 3175 2657 3264 quidam
2719 3200 2810 3245 ex

554 3304 827 3370 Platone
887 3304 1073 3369 locus
1132 3326 1264 3392 quo
1323 3302 1609 3368 athletae
1662 3302 2188 3395 σκιαμαχοῦντες,
2241 3339 2332 3351 -
2374 3300 2441 3364 id
2491 3313 2594 3364 est
2648 3324 2797 3364 cum

554 3431 787 3494 umbra
877 3430 1295 3506 dimicantes,
1377 3428 1695 3518 projectis
1774 3428 2095 3506 brachiis,
2172 3449 2308 3492 non
2383 3440 2797 3517 repugnante

637 3806 734 3865 50.
762 3807 1125 3885 γυμνάζεσθαι
1144 3805 1402 3888 πολέμῳ.
1422 3802 1863 3863 Philostratus.
1889 3805 2195 3881 Apollonii
2217 3806 2449 3879 Tyanei
2467 3806 2798 3878 vita,4,21.

639 3902 736 3958 51.
772 3898 1257 3978 HoplomachuS,
1290 3932 1369 3942 —
1398 3896 1817 3975 imperatoriis
1852 3897 2236 3976 temporibus
2279 3898 2647 3958 exercitator
2694 3919 2803 3959 seu

560 3994 935 4071 armidoctor
983 3990 1352 4071 appellatuS‚
1406 4024 1488 4036 --
1534 4010 1694 4049 unus
1748 4003 1879 4050 erat
1935 4010 2009 4049 ex
2060 3989 2444 4071 adjutoribus
2496 3994 2800 4072 gymnasii

561 4086 839 4166 magistri
873 4083 1286 4166 (παιδοτρίὸης).

641 4181 736 4239 52.
774 4177 1169 4249 PlutarchUS,
1209 4181 1569 4249 Convivium,
1607 4179 1666 4249 9,
1708 4179 1803 4236 15.

645 4275 739 4332 53.
773 4276 895 4333 ταῖν
934 4276 1120 4353 χεροῖν
1161 4273 1213 4330 ἐν
1257 4274 1440 4355 ῥυθμῷ
1472 4276 1774 4349 κινηθῆναι.
1810 4270 2058 4341 Pollux,
2097 4276 2538 4345 Onomasticon,
2571 4274 2631 4345 2,
2668 4276 2804 4334 153.

571 4366 666 4426 Cf.
702 4364 1053 4444 Hesychius
1091 4387 1103 4421 ε
1138 4368 1484 4446 χειρονόμος,
1516 4367 1814 4446 ὀρχηστής.

650 4460 747 4518 54.
784 4458 1164 4529 HerodotuS,
1197 4459 1257 4528 6,
1294 4459 1430 4516 129.
1887 4498 1896 4506 -

653 4554 747 4612 55.
784 4550 1180 4622 AristoteleS,
1213 4553 1428 4609 Ethica
1459 4552 1545 4609 ad
1570 4553 1922 4625 Eudemum,
1957 4554 2012 4625 7,
2051 4553 2147 4626 13,
2176 4554 2233 4612 2.
