3609 5625
1545 719 1865 776 -25-

579 878 928 942 informari
967 891 1174 967 patet,
1221 902 1370 943 cum
1419 894 1659 959 motaS,
1705 879 1998 959 habituS,
2040 901 2352 942 numeros
2391 878 2622 970 (φοραί,
2663 878 2834 969 σχή-

583 1027 771 1094 ματα,
804 1003 1049 1094 μέτρα),
1077 1006 1114 1066 a'
1134 1003 1421 1092 pueritia
1449 1003 1822 1068 doceantur
1852 1002 2137 1068 athletae
2168 1001 2605 1066 nihilominus
2636 1026 2833 1091 quam
2906 1012 2928 1022 “

585 1127 932 1193 saltatores
953 1129 1021 1192 ⁷⁹.
1080 1128 1516 1193 Delectantur
1581 1128 1758 1192 enim
1823 1127 2062 1192 Graeci
2126 1127 2285 1191 solis
2345 1127 2450 1191 his
2513 1127 2830 1206 motibuS,

584 1253 950 1334 habitibus,
1004 1254 1299 1318 numeris
1359 1253 1602 1342 quibus
1652 1252 1964 1317 decorem
2016 1251 2211 1316 affert
2257 1251 2368 1316 illa
2417 1252 2828 1340 Eurythmia,

494 1426 498 1433 ·
585 1378 882 1454 omnium
941 1379 1184 1442 artium
1254 1402 1387 1442 non
1457 1402 1649 1442 secus
1706 1391 1905 1465 atque
1971 1352 2341 1441 animorum
2401 1376 2826 1441 moderatrix.

585 1504 813 1590 Neque
856 1502 1063 1567 miror
1103 1503 1159 1567 si
1201 1504 1405 1567 Plato·
1430 1504 1522 1567 ita
1570 1514 1801 1566 censet
1839 1515 1916 1567 ut
1964 1526 2162 1566 unam
2204 1514 2271 1566 et
2309 1501 2585 1565 eandem
2626 1515 2833 1566 artem

586 1651 669 1691 ex
698 1628 1113 1693 athletarum·
1134 1652 1210 1692 ac
1242 1628 1630 1694 saltatorum
1653 1627 2242 1691 exercitationibus
2273 1638 2581 1690 constare
2609 1625 2786 1690 dicat
2816 1651 2830 1689 :

588 1765 777 1817 tanta
820 1766 962 1816 erat
1010 1752 1322 1843 cognatio
1362 1777 1492 1842 qua
1532 1753 1944 1845 gymnastica
1990 1775 2097 1815 ars
2140 1764 2207 1815 et
2253 1775 2359 1816 ars
2406 1749 2714 1829 saltandi,
2761 1773 2837 1813 eo

589 1888 917 1965 tempore,
954 1878 1130 1941 inter
1161 1901 1231 1941 se
1263 1877 1805 1941 continebantur.

682 2003 807 2067 Cui
846 2002 1233 2091 cognationi
1273 2002 1398 2066 hoc
1442 2002 1771 2090 imprimis
1812 1999 2063 2064 indicio
2108 2013 2209 2063 est
2252 1999 2433 2088 quod
2470 2023 2606 2065 non
2646 2000 2841 2064 modo

592 2129 676 2192 ab
716 2128 1027 2192 omnibus
1070 2126 1516 2214 scriptoribus
1565 2124 1995 2189 confirmatur
2032 2148 2262 2188 verum
2307 2125 2504 2188 etiam
2555 2148 2634 2188 ex
2673 2124 2843 2188 ficti-

596 2253 758 2317 lium
805 2252 1006 2342 pictis
1065 2251 1475 2344 imaginibus
1526 2250 1812 2339 patescit
1866 2275 1879 2313 :
1931 2263 2005 2314 ut
2056 2249 2443 2314 saltatorum
2495 2248 2588 2314 ita
2629 2249 2842 2313 athle-

594 2391 812 2442 tarum
861 2390 1078 2441 motus
1119 2376 1523 2463 habitusque
1562 2376 1796 2468 (φοραί,
1841 2374 2169 2466 σχήματα)
2213 2374 2501 2439 musicae
2550 2374 2842 2437 numeris

599 2501 954 2591 adstringi,
1000 2524 1167 2588 quae
1214 2501 1410 2591 μέτρα.
1455 2500 1695 2563 Graeci
1732 2511 1972 2563 vocant
1999 2498 2073 2563 ⁸⁰.
2119 2498 2398 2563 Tibicen
2447 2498 2646 2576 enim,
2692 2498 2844 2586 quia

598 2625 1098 2718 gymnasiarchi
1157 2648 1367 2713 aeque
1418 2648 1492 2688 ac
1539 2623 1844 2713 magistri
1896 2623 2182 2688 saltandi
2229 2622 2535 2688 assiduus
2583 2623 2846 2711 adjutor

601 2763 736 2832 est,
811 2748 1062 2815 nullam
1139 2749 1441 2838 corporis
1520 2733 2067 2813 exercitationem
2144 2747 2619 2837 praetermittit
2684 2747 2847 2836 quin

603 2876 1003 2940 interveniat
1041 2888 1114 2939 ut
1154 2874 1558 2939 moderator.
1596 2875 1746 2955 Quo
1786 2872 2020 2937 tibiam
2063 2871 2364 2952 inflante,
2410 2871 2658 2937 athleta
2698 2897 2850 2936 cur-

603 3019 777 3081 rere,
824 3000 1046 3079 salire,
1091 3001 1425 3087 conjicere
1465 2998 1749 3077 discum,
1787 2996 2206 3063 commisceri
2245 2997 2603 3062 luctatores
2644 3021 2851 3061 mem-

604 3126 878 3189 brorum
938 3123 1419 3213 implicatione,
1482 3121 1746 3214 pugiles
1807 3122 1976 3186 ictus
2034 3119 2339 3210 accipere
2394 3135 2461 3185 et
2518 3119 2847 3209 infligere,

606 3250 905 3340 hoplitae
962 3248 1289 3339 congredi
1346 3248 1572 3311 armiS.
1628 3248 1758 3315 Eos
1819 3245 2042 3324 etiam,
2085 3245 2153 3309 in
2203 3245 2492 3333 publicis
2548 3247 2853 3312 certami-

608 3377 807 3440 nibus
824 3424 839 3453 ,
928 3372 1493 3438 modulationibus
1580 3369 1989 3447 inflammare
2077 3370 2486 3435 clarissimus
2571 3371 2853 3459 quisque

607 3501 859 3566 tibicen
900 3496 1246 3590 egregium
1285 3497 1590 3561 ducebat.
1637 3497 1856 3561 Testis
1897 3510 1999 3561 est
2037 3497 2399 3561 Pausanias
2439 3497 2617 3586 apud
2656 3521 2852 3585 quem

609 3625 897 3716 legimus
942 3623 1261 3690 Sacadam
1301 3621 1619 3715 Argivum
1671 3622 1934 3685 sexiens
1994 3620 2341 3710 Olympiae
2398 3622 2575 3685 inter
2620 3635 2854 3709 penta-

1472 3747 1510 3781 81

609 3750 824 3814 thlum
893 3747 1190 3813 anditum
1258 3771 1404 3811 esse
1527 3796 1538 3808 .
1612 3745 2003 3810 Pentathlos
2072 3747 2277 3826 enim,
2349 3759 2421 3810 ut
2495 3747 2854 3810 Pausanias

612 3898 876 3964 quoque
965 3872 1291 3961 scriptum
1379 3870 1674 3958 reliquit,
1738 3894 1887 3934 cum
1975 3870 2146 3935 saltu
2241 3870 2694 3947 decertabant,
2774 3870 2858 3934 ad

696 4237 792 4294 79.
826 4236 895 4296 τὰ
929 4242 1203 4319 σχήματα
1235 4239 1539 4323 μετέφερον
1581 4240 1654 4305 εἷς
1690 4235 1814 4305 τοὺς
1852 4235 2069 4318 χορούς,
2100 4239 2159 4296 ἐκ
2197 4234 2254 4295 δὲ
2291 4240 2397 4295 τῶν
2435 4238 2617 4317 χορῶν
2657 4236 2729 4300 εἷς
2765 4229 2858 4297 τὰς

612 4329 971 4412 παλαίστρας.
1006 4330 1384 4404 AthenaeuS,
1425 4334 1986 4409 Deipnosophistae,
2019 4331 2159 4402 629,
2192 4331 2255 4392 b.

693 4423 792 4481 80.
829 4424 1270 4496 PhilostratuS,
1302 4427 1378 4483 de
1401 4430 1543 4484 Arte
1578 4428 1990 4502 Gymnastica,
2026 4424 2120 4483 14.

696 4517 795 4575 81.
829 4517 1193 4590 PausaniaS,
1227 4521 1286 4591 6,
1325 4519 1420 4578 14.
