3609 5625
1835 695 2156 755 -32-

872 858 1173 921 hortatur
1205 857 1379 920 cives
1421 869 1493 921 ut
1531 856 1611 920 ab
1652 856 1785 921 illis
1815 857 2076 921 choreis
2112 857 2489 921 abstineant
2519 881 2796 945 quarum
2840 860 3109 924 habitus

868 980 1282 1070 impudicitia
1313 981 1448 1046 sint
1466 981 1797 1068 inquinati
1818 980 1890 1045 ²⁷.
1919 981 2207 1057 Etenim,
2235 981 2440 1046 invito
2481 983 2781 1061 Platone,
2819 984 3115 1048 Graecos

868 1117 1121 1169 tantum
1154 1104 1649 1169 delectaverunt
1677 1128 1915 1193 pravae
1940 1104 2324 1169 saltationes
2359 1119 2677 1195 quantum
2700 1110 3017 1195 probatae
3038 1109 3106 1171 ¹⁸.

1819 1923 2145 2081 XIX

993 2465 994 2468 Ἴ
1051 2380 1410 2445 Habitus
1461 2381 1678 2445 sicut
1714 2381 2011 2456 motus,
2053 2381 2412 2445 numeris
2461 2380 2894 2460 adstringi.

941 2786 1261 2850 Numeros
1292 2807 1440 2848 cum
1471 2782 1808 2848 habitibus
1840 2783 2017 2847 haud
2050 2806 2241 2847 secus
2281 2806 2355 2847 ac
2386 2806 2535 2846 cum
2590 2780 2880 2847 motibus
2922 2806 3082 2847 con-

852 2934 1115 3002 gruere,
1171 2910 1532 2997 scriptores
1576 2920 1906 2973 testantur
1942 2910 2013 2973 ²⁹.
2069 2911 2298 2996 Itaque
2353 2907 2641 2972 saltandi
2695 2907 3083 2997 magistrum

851 3048 1214 3099 assectatur
1262 3057 1524 3120 semper
1572 3033 1919 3097 citharista
1958 3045 2070 3096 aut
2114 3032 2391 3112 tibicen,
2444 3031 2723 3121 psaltria
2780 3055 3082 3096 nonnun-

848 3183 1044 3248 quam
1101 3170 1212 3223 aut
1276 3157 1550 3221 tibicina
1606 3158 1673 3221 ³⁰.
1734 3156 2132 3221 Saltatorem
2188 3157 2366 3222 enim
2427 3151 3086 3249 ὀρχηστοδιδάσκαλος

848 3283 1041 3348 docet
1088 3281 1528 3369 eurythmiam
1582 3279 1952 3344 admiscere
1998 3282 2301 3374 σχήμασι
2351 3280 2565 3344 nihilo
2615 3266 2832 3344 minus
2883 3305 3078 3370 quam

843 3413 1080 3501 φοραῖς,
1116 3432 1199 3471 ne
1231 3406 1390 3495 quid
1428 3406 1496 3469 in
1530 3406 1923 3486 imitatione,
1959 3445 2047 3455 —-
2080 3430 2192 3469 seu
2225 3406 2293 3469 in
2312 3405 2571 3469 actione
2606 3405 2968 3487 saltatoria,
2993 3447 3081 3456 —

845 3533 1107 3598 omissis
1154 3530 1470 3605 numeriS,
1516 3529 1868 3593 claudicet.
1905 3529 2205 3595 Saltandi
2247 3530 2564 3618 magister
2602 3530 2832 3619 igitur,
2878 3554 3078 3619 quan·

843 3682 1038 3749 quam
1079 3655 1350 3744 quidem
1402 3678 1829 3718 numerorum
1880 3655 2207 3742 professio
2249 3653 2330 3717 ab
2371 3656 2512 3741 ejus
2564 3660 2747 3741 parte
2789 3654 3077 3721 discedit

913 4006 1012 4068 27.
1040 4017 1139 4085 τῆς
1169 4008 1480 4090 μοχθηρίας
1510 4012 1785 4090 σχήματα
1817 4008 2039 4087 (Plato,
2071 4015 2277 4088 LegeS,
2315 4012 2454 4080 655,
2488 4010 2562 4089 c).

912 4100 1011 4159 28.
1055 4104 1352 4161 σπουδαῖαι
1389 4101 1483 4162 καὶ
1524 4104 1732 4187 φαῦλαι
1767 4101 2023 4184 ὀρχήσεις
2068 4102 2473 4178 (Athenaeus,
2513 4104 3075 4185 Deipnosophistae,

831 4193 973 4261 631,
1009 4194 1047 4252 d
1081 4239 1092 4251 .

909 4286 1008 4344 29.
1041 4192 1327 4368 cip-,getam
1358 4297 1491 4371 πρὸς
1522 4289 1611 4348 τὸν
1641 4289 1813 4348 αὐλὸν
1850 4292 2123 4370 σχήματα.
2163 4288 2549 4369 (Xenophon,
2588 4293 2947 4358 Οοηνίοἰιιιη,
2991 4288 3071 4368 7).

905 4381 1003 4440 30.
1041 4380 1392 4460 Aliquoties
1440 4402 1588 4441 vero
1642 4382 1906 4441 saltandi
1960 4383 2257 4462 magister
2305 4385 2437 4443 vice
2495 4384 2712 4442 musici
2767 4383 3070 4463 fungitur.

827 4471 980 4531 Vide
1012 4473 1262 4532 calicem
1294 4475 1433 4534 huic
1465 4475 1624 4534 libro
1658 4476 1980 4536 insertum.
