3609 5625
1724 737 2002 794 ...6.-

742 897 1076 975 oriuntur,
1107 908 1250 960 tum
1289 898 1620 988 σχήματα,
1657 896 1903 985 quibus
1944 894 2222 959 formam
2262 893 2685 981 speciemque
2718 891 2991 957 saltator

746 1022 1040 1086 imitatur
1061 1021 1128 1104 ¹²,
1163 1020 1499 1111 quoddam
1531 1022 1779 1085 habent
1823 1020 2112 1108 spatium
2158 1018 2481 1107 temporis
2530 1030 2750 1106 atque,
2787 1017 2844 1081 si
2883 1041 2988 1081 res

743 1147 834 1210 ita
863 1146 1013 1226 fert,
1050 1145 1419 1211 immobilia
1448 1145 1594 1209 fieri
1624 1156 1906 1233 possunt
1928 1146 1993 1208 ¹³.

830 1381 1228 1445 Imitationis
1277 1381 1453 1446 enim
1505 1381 1828 1473 (μίμησις)
1882 1382 2099 1445 omnis
2153 1404 2390 1473 graeca
2438 1381 2712 1446 saltatio·
2750 1381 2842 1446 ita
2888 1394 2988 1447 est

738 1507 1075 1595 particeps
1115 1519 1212 1587 ut,
1248 1507 1444 1571 etiam
1486 1508 1649 1570 citra
1688 1507 1914 1585 verba,
1952 1507 2095 1571 sine
2133 1530 2292 1571 voce
2331 1505 2758 1596 intellegatur
2793 1519 2987 1596 atque

739 1629 1003 1695 afficiat.
1051 1631 1269 1720 Atque
1323 1632 1450 1695 hoc
1511 1631 2174 1696 animadvertendum
2232 1646 2335 1696 est
2389 1632 2797 1712 saltatorem,
2852 1656 2984 1696 non

741 1755 939 1820 modo
989 1756 1209 1820 vultus
1261 1757 1627 1820 mutatione
1681 1756 1797 1820 sed
1847 1758 2299 1821 membrorum
2348 1781 2614 1846 quoque
2663 1781 2736 1821 ac
2779 1757 2987 1821 totius

737 1882 1043 1969 corporis
1083 1882 1396 1960 motibuS,
1440 1881 1644 1945 animi
1687 1894 1904 1946 motus
1944 1881 2308 1947 declarare.
2351 1882 2630 1949 Saltatio
2672 1883 2875 1964 enim,
2919 1894 2991 1946 ut

738 2005 1150 2098 gravissimis
1208 2005 1649 2094 scriptoribus
1697 2005 1940 2093 placet,
1990 2019 2091 2069 est
2155 2007 2345 2095 quasi
2408 2030 2625 2070 sermo
2687 2006 2988 2094 corporis

745 2130 860 2217 qui
899 2130 1071 2194 hanc
1115 2130 1248 2194 vim
1297 2130 1498 2193 habet
1544 2142 1616 2193 ut
1665 2130 1879 2221 signis
1924 2131 2125 2194 mutis
2173 2130 2517 2207 laetitiam,
2562 2128 2985 2207 maestitiam,

740 2278 1058 2334 amorem,
1111 2253 1337 2318 odium
1389 2253 1742 2342 patefaciat
1791 2267 1859 2318 et
1907 2277 2175 2318 sensum
2225 2254 2548 2343 quemvis,
2598 2254 2762 2319 Inde
2810 2266 2991 2341 patet

740 2377 1168 2443 Aristotelem
1235 2377 1418 2442 nulla
1481 2379 1837 2443 verborum
1894 2379 2332 2443 translatione
2388 2402 2581 2443 usum
2639 2403 2784 2443 esse
2840 2403 2988 2444 cum

744 2505 906 2567 haec
947 2502 1216 2590 scripsit
1250 2527 1265 2565 :
1311 2500 1396 2583 [οἱ
1434 2497 1773 2594 ὀρχησταὶ]
1816 2499 1920 2567 διὰ
1955 2506 2080 2567 τῶν
2120 2501 2698 2595 σχηματιζομένων
2739 2502 2992 2596 ῥυθμῶν

752 2626 1094 2718 μιμοῦνται
1121 2626 1228 2690 καὶ
1254 2622 1404 2705 ἤθη,
1438 2626 1545 2690 καὶ
1570 2625 1761 2706 πάθη,
1795 2627 1903 2692 καὶ
1928 2621 2181 2716 πράξεις
2201 2629 2267 2691 “.
2293 2627 2397 2691 Ad
2429 2651 2756 2694 summum
2788 2629 2992 2720 igitur

743 2750 1020 2840 perduci
1070 2764 1291 2839 potest
1338 2775 1445 2816 ars
1495 2751 1781 2816 saltandi
1832 2764 1898 2817 et
1944 2752 2140 2841 plane
2186 2752 2488 2818 absoluta
2536 2751 2681 2817 fieri
2729 2777 2804 2818 ea
2853 2754 2992 2819 sola

746 2876 1138 2941 condicione
1184 2889 1280 2951 ut,
1334 2901 1452 2964 per
1502 2878 1834 2969 σχήματα,
1883 2877 1966 2941 ad
2014 2878 2409 2942 imitandum
2455 2878 2992 2944 accommodetur

745 3015 814 3067 et
844 3025 942 3081 ea,
978 3024 1144 3091 quae
1178 3001 1572 3079 imitabitur,
1610 3002 1691 3067 ad
1720 3004 1997 3066 verbum
2024 3002 2263 3067 reddat
2283 3006 2345 3066 ¹⁵.

840 3128 1023 3208 Quae
1068 3129 1205 3214 jam
1255 3127 1479 3206 suerit,
1532 3126 1849 3215 Aeschyli
1893 3128 2339 3215 temporibus,
2389 3152 2547 3217 pars
2603 3128 2992 3193 imitationis

752 3253 820 3316 in
888 3253 1263 3329 saltatione,
1335 3252 1404 3316 id
1472 3252 1940 3330 Chamaeleon,
2014 3251 2191 3340 apud
2255 3252 2696 3331 Athenaeum,
2764 3266 2991 3318 notum

752 3378 947 3442 nobis
988 3377 1167 3442 fecit.
1210 3377 1268 3440 A
1307 3401 1439 3465 quo
1483 3377 1861 3465 accepimus
1901 3378 2302 3465 Aeschylum
2343 3378 2560 3465 ipsum
2600 3379 2994 3442 instruxisse

750 3504 993 3567 choros
1040 3514 1105 3567 et
1146 3501 1349 3566 nullis
1391 3524 1585 3565 usum
1628 3524 1774 3565 esse
1817 3501 2105 3566 saltandi
2150 3501 2523 3591 magistris3
2576 3515 2643 3565 et
2688 3503 2996 3594 σχήματα

757 3628 1057 3692 scenicos
1109 3625 1447 3701 docuisse,
1507 3627 1576 3689 in
1640 3649 1709 3690 se
1767 3626 1986 3714 ipsum
2042 3626 2477 3714 recipientem
2523 3626 2795 3691 omnino
2843 3628 2995 3691 uni-

843 3982 938 4040 12.
971 3988 1036 4041 τὸ
1077 3985 1267 4059 σχῆμα
1299 3983 1602 4059 μιμητικόν
1641 3982 1754 4039 ἐστι
1783 3984 1994 4064 μορφῆς
2027 3978 2121 4039 καὶ
2148 3981 2316 4046 ἰδέας.
2351 3978 2745 4054 PlutarchUS,
2785 3982 2996 4038 Convi-

760 4079 921 4137 valia
951 4073 1356 4141 Problemata,
1389 4075 1449 4140 9,
1482 4074 1577 4130 15.

844 4171 942 4229 13.
971 4168 1276 4228 τελευτῶσι
1320 4163 1378 4224 δὲ
1421 4167 1497 4241 [οἱ
1532 4165 1817 4249 ὀρχησταὶ]
1853 4168 1927 4234 εἷς
1979 4166 2232 4235 ἀκίνητον
2283 4167 2608 4241 στάσιν....,
2641 4163 2783 4245 μετὰ
2823 4163 2881 4225 δὲ
2904 4170 2999 4238 τῆς

763 4266 1006 4329 στασὲως
1034 4265 1069 4333 ἡ
1099 4257 1259 4320 εἰκὼν
1284 4255 1518 4338 ἀπαντᾷ.
1554 4258 1874 4329 Libanius,
1910 4256 2042 4341 ὑπὲρ
2072 4263 2175 4318 τῶν
2202 4261 2507 4340 ὀρχηστῶν,
2539 4259 2636 4316 24.

844 4358 936 4415 14.
972 4352 1367 4423 AristoteleS,
1397 4355 1663 4420 Poetica,
1699 4355 1754 4410 1.

846 4453 941 4509 15.
986 4448 1208 4528 μίμησις
1253 4449 1360 4505 τῶν
1395 4445 1712 4526 λεγομένων
1744 4449 2000 4526 σχήμασι
2038 4447 2297 4524 γενομένη
2332 4443 2428 4518 τὴν
2465 4443 2796 4527 ὀρχηστικὴν
2834 4444 2992 4526 ἐξειρ-

758 4551 966 4626 γάσατο
997 4544 1191 4623 τέχνην
1222 4539 1526 4619 ξύμπασαν.
1561 4539 1760 4608 Plato,
1790 4545 2000 4616 LegeS,
2033 4540 2173 4607 816,
2206 4558 2261 4597 a.
