3609 5625
1799 722 2118 781 ..ι-84...-

832 882 1178 948 ducendos
1235 907 1249 948 :
1303 882 1610 975 χορευτὰς
1675 880 1852 961 dico,
1913 905 2198 971 quorum
2266 879 2405 957 alii,
2459 880 2646 945 sestis
2714 879 2950 945 diebus
2999 894 3082 945 ·et

828 1009 1119 1098 publicis
1169 1006 1370 1089 ludis,
1415 1005 1578 1071 deos
1623 1005 2040 1071 carminibus
2090 1005 2476 1085 concinunt,
2522 1005 2637 1070 alii
2687 1005 2755 1069 in
2804 1005 3080 1070 orches-

829 1145 1000 1197 tram
1041 1132 1451 1198 indueuntur
1487 1145 1564 1197 ut
1597 1130 2016 1223 tragoediam
2057 1155 2173 1196 seu
2211 1132 2622 1196 comoediam
2653 1132 2789 1196 sive
2821 1146 3077 1220 satyros

828 1241 1096 1323 saltent.
1142 1256 1473 1321 Dicebant
1511 1269 1730 1321 autem
1766 1280 1780 1320 ε
1815 1256 2009 1350 χορὸν
2061 1255 2327 1334 ἱστάναι,
2368 1254 2566 1349 χορὸν
2614 1253 2850 1337 ἅπτειν,
2882 1258 3076 1350 χορὸν

826 1375 1025 1474 ἄγειν,
1066 1380 1261 1475 χορὸν
1309 1378 1741 1474 σχηματίζειν
1761 1382 1831 1460 ³⁴,
1876 1381 1946 1445 id
2003 1393 2104 1446 est
2150 1381 2515 1446 histriones
2563 1381 2654 1445 ita
2702 1382 2954 1471 fingere
3003 1396 3074 1448 ut

822 1505 1051 1571 idonei
1093 1505 1228 1571 sint
1267 1506 1405 1595 qui,
1441 1505 1698 1571 vicibus
1730 1519 1844 1571 aut
1874 1506 2107 1571 eodem
2147 1518 2474 1595 tempore,
2510 1506 2802 1571 sabulum
2844 1521 3066 1596 agant,

820 1642 1115 1708 cantent,
1153 1629 1398 1695 saltent
1416 1631 1484 1693 ³⁸.

909 1757 1053 1847 Ego
1104 1754 1374 1844 quidem
1426 1754 1508 1820 de
1560 1753 1767 1821 Chori
1812 1755 2256 1844 dispositione
2293 1768 2359 1820 et
2394 1769 2713 1846 apparatu
2753 1780 2889 1821 non
2928 1755 3066 1821 dis-

815 1882 1090 1970 putabo,
1126 1881 1377 1984 quippe
1426 1904 1576 1945 cum
1627 1881 1802 1945 inter
1845 1878 2272 1945 doctissimos
2315 1880 2494 1945 viros
2539 1881 2782 1945 multae
2825 1905 3065 1986 quaes-

812 2004 1031 2069 tiones
1072 2004 1154 2070 de
1196 2005 1436 2069 iisdem
1477 2003 1678 2069 rebus
1728 2017 2195 2069 controversae
2237 2005 2609 2095 supersint3
2645 2005 2885 2094 quibus
2927 2029 3060 2070 non

812 2130 1204 2211 enucleatiS,
1249 2153 1383 2194 non
1441 2129 1850 2194 committam
1895 2142 1968 2193 ut
2023 2153 2149 2217 pro
2197 2143 2378 2194 certo
2427 2128 2621 2218 quod.
2660 2129 2746 2193 sit
2785 2129 3057 2194 dubium

809 2279 1072 2320 sumere
1130 2253 1380 2319 videar.
1429 2253 1564 2320 Sed
1623 2253 1830 2319 Chori
1879 2256 2209 2348 σχήματα,
2251 2294 2340 2304 -
2390 2279 2505 2319 seu
2545 2255 2938 2348 χορευμοιτοι,
2969 2294 3060 2340 ·-.·

805 2367 1065 2445 tantum
1098 2380 1382 2445 reseram
1417 2377 1748 2467 simplicia
1781 2379 2131 2468 faciliaque
2162 2380 2461 2469 cognitu,
2491 2379 2731 2444 ceteris
2763 2380 3052 2448 omissis.

803 2518 1105 2594 tempore
1154 2505 1435 2592 locoque
1481 2502 1859 2568 saltationis
1904 2503 2439 2592 circumscripto.
2477 2504 2762 2585 QuibuS,
2799 2504 2867 2569 in
2914 2517 3052 2570 tres

803 2642 1026 2718 partes
1066 2627 1327 2708 divisis,
1367 2627 1625 2692 litteras
1666 2628 2025 2693 inscribam
2067 2628 2147 2706 A,
2183 2630 2263 2708 B,
2299 2629 2376 2693 C.

1889 2983 1946 3048 A

1063 3228 1312 3269 CHORUS
1363 3227 1430 3268 IN
1478 3224 1607 3279 Quo
1654 3203 2087 3295 συγχορευταὶ
2136 3227 2349 3268 MANUS
2399 3227 2767 3268 IMPLICANT.

881 3430 1392 3521 Antiquissimis
1446 3431 1877 3495 saltatoribus
1935 3431 2002 3495 in
2071 3432 2347 3497 chorum
2414 3432 2838 3523 congregatis
2898 3457 3039 3498 mos

792 3568 956 3636 erat,
1010 3570 1083 3621 ut
1145 3556 1432 3629 videtur,
1486 3578 1719 3639 manus
1777 3555 2137 3645 jungendi.
2188 3556 2383 3638 Quod
2439 3555 2783 3621 declarant
2834 3559 3037 3640 verba

789 3678 1136 3786 ὀρχήσεσιν
1176 3675 1481 3757 ἀλλήλοις
1517 3676 1827 3765 συνείρειν
1846 3680 1893 3784 ῗθ
1923 3692 1988 3743 et
2016 3678 2209 3771 χορὸν
2249 3676 2461 3744 ἅπτειν
2481 3677 2557 3761 ³⁷,
2592 3681 2834 3769 quibus
2865 3680 3037 3746 illud

786 3806 1123 3874 vinculum
1205 3802 1508 3894 intellegi
1588 3816 1811 3891 potest
1882 3826 2015 3892 quo
2090 3803 2439 3868 saltatores
2514 3805 3036 3894 conjungeban-

861 4123 960 4181 34.
993 4122 1375 4194 Athenaeus,
1395 4125 1976 4206 -Dezpnosoplzistae,
2006 4124 2107 4194 21,
2140 4143 2195 4182 e.

856 4216 957 4274 35.
991 4216 1249 4275 Veteres
1278 4228 1496 4294 poetas
1538 4228 1802 4287 constat,
1834 4215 2211 4295 Aeschylum
2251 4214 2481 4294 ipsum,
2515 4211 2773 4271 suismet
2802 4207 3026 4267 fabulis

777 4310 1279 4391 χοροδιδασκάλους
1308 4310 1523 4370 fuisse.
1558 4310 1713 4369 Vide
1744 4309 2148 4388 supra,-Pars
2179 4308 2384 4379 tertia,
2415 4306 2579 4366 XVI.

854 4403 955 4462 36.
991 4403 1193 4474 Plato,
1226 4409 1439 4481 Leges,
1472 4402 1613 4474 654,
1641 4422 1697 4463 a.

852 4497 953 4556 37.
987 4495 1361 4576 Aeschylu8‚
1394 4498 1776 4570 Eumenides,
1810 4498 1950 4557 307.
