3609 5625
1765 722 2085 780 ..14-

808 880 1396 946 exercitationibus
1436 881 1480 914 ³⁴
1519 881 1795 968 praesit,
1842 882 2088 969 quibus
2127 882 2320 971 pueri
2360 882 2760 971 ephebique,
2797 907 2943 948 cum
2983 885 3050 947 in

808 1002 1159 1091 palaestra,
1202 1016 1344 1068 tum
1377 1003 1444 1067 in
1475 1006 1846 1093 gymnasio,
1883 1029 1954 1070 se
1995 1005 2242 1071 dedere
2274 1005 2515 1070 solent.
2553 1007 2771 1087 Quare
2804 1020 3036 1086 artem,

810 1153 1006 1216 quam
1042 1125 1516 1219 παιδοτριὸικὴν
1557 1128 1919 1218 appellant,
1965 1130 2174 1194 multa
2225 1129 2583 1218 complecti
2633 1143 2700 1196 et
2739 1156 3050 1223 gymnas-

808 1254 937 1318 tica
978 1253 1280 1317 latiorem
1320 1277 1467 1317 esse
1508 1253 1673 1317 dicit
1711 1255 2039 1318 Isocrates
2079 1256 2206 1318 hoc
2244 1254 2393 1320 loco
2437 1280 2451 1317 ε
2500 1255 2645 1345 περὶ
2679 1256 2760 1319 τὰ
2787 1256 3053 1347 σώματα

806 1378 919 1457 τὴν
964 1374 1437 1467 παιδοτριὸικὴν
1491 1378 1563 1455 ἧς
1598 1374 1640 1455 ἡ
1689 1378 2083 1470 γυμναστικὴ
2140 1380 2325 1470 μέρος
2381 1375 2514 1445 ἐστί
2551 1381 2623 1443 ²³⁵.
2668 1381 3049 1469 Discipulos

807 1505 986 1568 enim
1048 1500 1454 1594 παιδοτρίὸης
1509 1502 1704 1567 docet
1756 1504 2077 1592 quicquid
2136 1504 2220 1569 ad
2274 1505 2449 1569 vires
2520 1505 2882 1594 augendaS,
2936 1504 3049 1569 fir-

808 1628 1117 1692 mandam
1207 1627 1690 1704 valetudinem,
1772 1628 2144 1692 ornandum
2235 1653 2479 1718 corpus
2557 1629 2769 1708 valet3
2849 1654 3046 1719 quem
3133 1683 3142 1687 -

805 1752 1071 1817 tametsi
1108 1776 1244 1816 non
1292 1776 1563 1817 necesse
1617 1766 1720 1817 est
1767 1753 2164 1817 medicinam
2204 1755 2471 1843 penitus
2516 1730 2846 1835 excolere,
2898 1779 3047 1819 eum

802 1888 1025 1940 tamen
1093 1874 1274 1939 illius
1332 1874 1543 1962 partis
1590 1874 1962 1939 medicinae
2021 1875 2347 1939 imbutum
2414 1900 2560 1941 esse
2617 1876 2850 1941 volunt
2914 1901 3042 1964 qua

809 2000 1056 2064 morbis
1098 1998 1352 2063 mederi
1396 2012 1463 2063 et
1501 2023 1733 2063 sanare
1771 1997 2047 2063 vulnera
2088 2001 2323 2087 possit.
2371 2001 2828 2066 Peritissimus
2867 2002 3047 2065 enim

805 2148 949 2189 esse
990 2124 1189 2189 debet
1228 2125 1296 2188 in
1338 2123 1644 2213 aptandis
1683 2123 2171 2212 discipulorum
2213 2126 2798 2191 exercitationibus
2847 2128 3042 2191 aetati

802 2249 1192 2338 viribusque
1211 2250 1281 2329 ³⁶,
1313 2261 1511 2337 atque
1550 2272 1775 2312 curam
1807 2248 2080 2312 adhibet
2109 2261 2205 2325 ut,
2250 2273 2385 2313 non
2427 2250 2623 2315 modo
2664 2249 3037 2340 discipuliS‚

805 2387 1160 2462 antequam
1216 2373 1622 2462 pubescant,
1673 2372 1897 2436 nullus
1967 2373 2267 2460 corporis
2333 2374 2522 2439 labor
2560 2374 2956 2442 immodicus
2999 2381 3044 2414 ³⁷

806 2499 1220 2587 injungatur,
1254 2520 1386 2584 quo
1426 2497 1885 2561 crescentibus
1915 2510 2269 2561 noceretur
2304 2499 2556 2585 pueriS,
2590 2524 2820 2565 verum
2847 2502 3041 2567 etiam

803 2621 1300 2687 exercitationis
1342 2623 1665 2709 cujusque
1698 2621 2109 2686 intermissio
2140 2621 2254 2685 fiat
2282 2624 2670 2711 priusquam
2702 2625 3038 2715 discipuli,

803 2761 877 2813 ut
905 2746 1098 2837 pueri
1130 2747 1220 2811 ita
1249 2747 1539 2835 puberes
1571 2742 1878 2839 (ἔφηὸοι),
1905 2745 2298 2812 lassitudine
2331 2747 2768 2814 conficiantur
2787 2751 2855 2814 ³⁸.
2884 2751 3038 2832 Qui,

801 2873 1045 2937 omissa
1096 2873 1219 2935 hac
1268 2895 1450 2947 cura,
1497 2895 1753 2935 summo
1799 2870 2101 2958 periculo
2149 2872 2581 2961 gymnasticis
2631 2874 3039 2940 exercitatio-

802 2998 997 3062 nibus
1038 3009 1336 3075 utentur,
1371 2996 1618 3060 nedum
1661 2994 1926 3059 easdem
1968 2995 2048 3059 ad
2090 2995 2440 3060 utilitatem
2474 2996 2904 3062 transferant.

888 3125 1255 3187 Puerorum
1302 3122 1507 3210 igitur
1545 3119 1660 3183 ille
1707 3119 2050 3210 magister,
2098 3143 2297 3208 quem
2347 3121 2587 3185 Graeci
2631 3118 3039 3213 παιδοτρίὸην

797 3260 1057 3326 vocant,
1121 3246 1318 3309 simul
1382 3244 1752 3332 discipulos
1821 3244 2017 3309 docet
2085 3256 2151 3307 et
2225 3244 2627 3309 moderatur.
2702 3248 2914 3327 Quem
2970 3249 3039 3313 in

795 3371 1125 3460 palaestra
1180 3382 1462 3434 stantem
1522 3369 1717 3432 nobis
1766 3368 2020 3460 fingere
2076 3368 2394 3432 debemus
2444 3368 2722 3456 qualem.
2757 3372 2826 3434 in
2875 3372 3039 3436 fieti-

796 3497 972 3561 libus
1020 3496 1195 3559 vasis
1239 3495 1603 3582 pinxerunt
1651 3492 1963 3574 artificeS‚
2002 3491 2221 3580 amplo
2267 3492 2469 3580 pallio
2520 3491 2813 3584 (ἱμάτιον)
2862 3496 3037 3560 invo-

796 3622 1029 3698 lutum,
1074 3620 1398 3684 bifurcam
1437 3617 1763 3707 virgulam
1793 3616 2191 3681 ,baculumve
2231 3616 2581 3694 nodosum,
2628 3619 3037 3684 auctoritatis

868 4049 965 4105 34.
998 4047 1065 4107 τὰ
1095 4050 1197 4109 ὅσα
1221 4049 1342 4133 περὶ
1372 4058 1432 4111 τὸ
1465 4054 1647 4129 σῶμα.
1681 4049 1883 4121 Plato,
1921 4056 2132 4129 LegeS‚
2170 4052 2307 4122 795,
2341 4051 2403 4108 d.

866 4142 965 4199 35.
1001 4142 1331 4213 IsocrateS,
1364 4143 1487 4223 περὶ
1518 4141 1865 4217 ἀντιδόσεως,
1905 4144 2037 4202 181.

865 4236 963 4296 36.
999 4234 1295 4318 σύμμετροι
1324 4241 1503 4297 πόνοι.
1542 4237 1877 4308 IsocrateS,
1912 4238 1999 4293 ad
2024 4240 2432 4309 Demonicum,
2467 4238 2526 4307 4,
2561 4257 2616 4295 c.

863 4330 961 4387 37.
1000 4331 1050 4388 οἱ
1079 4329 1208 4412 πρὸς
1240 4326 1486 4410 ἀνάγκην
1516 4333 1694 4390 πόνοι.
1725 4328 2123 4400 AristoteleS,
2157 4333 2439 4401 Politia-a,
2475 4332 2534 4399 8,
2568 4331 2627 4401 4,
2665 4333 2718 4387 1.

865 4423 963 4480 38.
1000 4421 1189 4502 λήγειν
1227 4427 1334 4482 τῶν
1380 4426 1559 4483 πόνων
1590 4424 1668 4483 ἔτι
1697 4427 1878 4482 πονεῖν
1908 4425 2221 4503 δυνάμενος.
2258 4423 2589 4493 Isocrates,
2624 4426 2710 4480 ad
2747 4425 3030 4489 Demom'-

788 4537 941 4585 cum,
975 4516 1034 4586 4,
1068 4536 1122 4574 e.
