3609 5625
1503 699 1822 757 ...83—

540 870 606 920 et
644 857 881 922 recidit
919 857 1002 921 ad
1042 858 1793 949 musicaemagistrum,
1831 882 2142 923 numeros
2182 872 2406 923 tamen
2447 858 2789 924 habitibus

541 982 868 1075 adjungit,
930 983 1498 1071 quemadmodum
1557 985 1994 1074 palaestricus
2064 984 2378 1074 magister
2429 998 2648 1049 motus
2707 985 2789 1050 ad

543 1108 772 1171 modos
811 1108 1188 1173 moderatur
1216 1111 1282 1172 ³¹.

568 1285 572 1291 .
635 1235 1080 1322 Supervacum
1132 1247 1350 1298 autem
1410 1247 1510 1298 est
1569 1233 1792 1298 dicere
1854 1247 2102 1322 quanto
2153 1235 2364 1324 magis
2425 1235 2785 1299 necessarii

548 1358 969 1423 saltatoribus
1008 1359 1361 1423 confertim
1408 1383 1476 1423 se
1518 1358 1936 1423 moventibus
1977 1359 2238 1423 numeri
2279 1360 2435 1438 sint,
2476 1358 2558 1423 ad
2589 1358 2785 1423 simul

549 1484 877 1574 agendum
928 1496 993 1548 et
1044 1483 1403 1548 ordinatim
1435 1485 1501 1545 ²².
1552 1483 1687 1549 Sed
1733 1484 1899 1547 haec
1948 1482 2330 1547 Aristotelis
2378 1485 2602 1563 verba,
2656 1507 2788 1572 quo

552 1623 877 1699 spectent,
930 1633 1063 1674 non
1119 1609 1311 1673 video
1358 1634 1372 1673 τ
1417 1606 1523 1674 διὰ
1570 1610 1633 1673 τί
1686 1607 1747 1673 οἱ
1796 1605 2027 1673 πολλοὶ
2084 1605 2329 1682 ἄδοντες
2390 1606 2630 1700 μᾶλλον
2687 1609 2789 1674 τὸν

554 1735 783 1827 ῥυθμὸν
822 1732 1135 1812 σώζουσιν
1169 1730 1210 1813 ἢ
1253 1733 1315 1799 οἱ
1354 1730 1562 1826 ὀλίγοι
1581 1736 1663 1814 ³³3

1548 2534 1789 2692 XX

642 3001 763 3063 De
823 2997 1070 3063 Chori
1115 2995 1520 3077 magistro
1577 2986 2156 3084 (χοροδιδάσκαλος)
2211 2994 2296 3058 et
2348 2993 2704 3058 choi-icis

1321 3155 2024 3236 dispositionibus.

646 3587 827 3649 Inter
882 3602 1111 3644 omnes
1172 3576 1457 3642 saltandi
1513 3576 1869 3665 magistros
1927 3573 2244 3661 princeps
2297 3572 2547 3636 eminet
2586 3571 2791 3636 Chori

562 3710 873 3799 magister
923 3698 1492 3798 (χοροδιδάσκαλος)
1543 3700 1651 3765 cui
1694 3698 2039 3788 negotium
2085 3697 2279 3761 datur
2327 3709 2400 3760 ut
2447 3695 2792 3760 saltatores

559 3837 639 3901 ad
683 3831 1035 3926 ὀρχηστικὰ
1080 3829 1387 3921 σχήματα
1432 3825 1758 3906 instituat,
1793 3824 1859 3887 in
1907 3835 2337 3910 conspectum
2377 3820 2608 3909 populi
2642 3845 2797 3909 pro-

634 4220 733 4277 31.
766 4218 922 4277 Vide
954 4238 1163 4298 supra,
1193 4217 1349 4276 Pars
1381 4216 1603 4295 prima,
1638 4213 1744 4284 IV,
1777 4213 1853 4272 V.

633 4313 732 4371 32.
766 4316 978 4396 ὁμαρτῇ
1009 4310 1332 4389 [κινεῖσθαι]
1372 4307 1832 4389 (Callimachus,
1866 4312 2140 4379 Hymnus
2179 4306 2216 4362 3
2260 4303 2346 4358 ad
2371 4296 2693 4376 Dianam);
2727 4330 2804 4338 —-

555 4409 907 4484 τεταγμένως
935 4410 1117 4466 ποιεῖν
1147 4402 1538 4485 (Xenophon,
1579 4401 1994 4468 oeconomica,
2029 4399 2088 4468 8,
2122 4395 2206 4476 3).

636 4500 731 4557 33.
768 4498 1159 4567 Aristotele8‚
1193 4497 1598 4565 Problemata,
1631 4494 1730 4550 22.
