3609 5625
1736 725 2057 785 —52—

772 884 1047 975 τήματα,
1084 884 1328 972 quibus
1369 883 1444 947 fit
1491 883 1602 948 illa
1658 908 1828 972 quae
1877 884 2123 951 dicitur
2170 886 2393 977 πορεία
2446 883 3018 978 πολύσκαρθμοςπ.

862 1008 1051 1074 Adde
1082 1009 1212 1072 huc
1243 1007 1425 1096 quod
1457 1004 1636 1099 ἀερία
1666 1008 1933 1075 saltatio
1965 1010 2144 1075 haud
2176 1034 2366 1074 secus
2397 1035 2472 1075 ac
2504 1011 2768 1075 saltatio
2797 1009 3024 1104 χθονία

776 1145 997 1221 potest
1054 1128 1322 1225 ὄρχησις
1382 1128 1756 1213 ἑλικώὃης39
1810 1134 1979 1212 fieri,
2029 1135 2583 1225 quotiescumque
2635 1136 2910 1200 saltator
2949 1136 3018 1200 in

770 1259 1003 1322 orbem
1043 1257 1543 1349 circumagitur.

863 1480 1001 1542 Hoc
1078 1478 1367 1566 denique
1444 1477 2110 1543 animadvertendum
2186 1491 2320 1553 est,
2392 1478 2569 1542 inter
2640 1478 3017 1543 saltatorios

773 1616 991 1667 motus
1065 1601 1481 1667 manifestam
1549 1601 2170 1668 dissimilitudinem
2239 1625 2586 1694 apparere,
2629 1616 2830 1690 prout
2892 1601 3015 1666 sal-

771 1742 968 1807 tator,
1007 1750 1405 1816 unoquoque
1439 1726 1673 1817 gradu,
1707 1726 1945 1815 pedem
1977 1726 2324 1792 admoveat
2349 1726 2492 1791 solo
2524 1740 2591 1793 et
2617 1740 2756 1792 tota
2789 1727 3014 1815 planta

771 1853 1262 1942 progrediatur,
1310 1865 1419 1916 aut
1458 1866 1718 1931 eontra,
1762 1875 1960 1916 omne
1999 1863 2265 1940 tempus
2304 1851 2580 1916 allevata
2616 1852 2819 1932 ealce,
2867 1875 3015 1915 sus-

771 2002 1051 2066 pensum
1097 1976 1336 2065 pedem
1388 1975 1685 2064 proferat
1727 1988 1792 2039 et
1837 1976 2112 2042 summis
2157 1977 2453 2041 ambulet
2498 1977 2757 2067 digitis,
2804 1979 3013 2043 Oeca-

769 2103 978 2167 sionis
1017 2102 1252 2178 instar,
1290 2124 1489 2189 quam
1532 2113 1818 2165 stantem
1860 2096 1954 2164 ἐπ’
1988 2098 2144 2192 ἄκρα
2181 2115 2378 2189 poeta
2410 2102 2669 2167 effinxit
2694 2103 2763 2165 ⁴⁰.
2806 2105 3012 2190 Cujus

766 2228 1040 2316 quidem
1092 2239 1301 2290 status
1352 2222 1473 2305 (ἐπ’
1516 2222 1694 2315 ἄκρα,
1738 2221 1832 2288 ἐπ’
1875 2222 2100 2314 ἄκρων)
2149 2226 2471 2315 exemplis
2522 2228 2681 2291 satis
2728 2228 3010 2294 obseura

768 2369 1236 2457 interpretatio
1313 2367 1626 2455 adjicitur
1688 2368 1773 2445 ⁴¹,
1836 2391 2033 2456 quem
2110 2367 2412 2456 picturae
2488 2381 2554 2432 et
2631 2369 3012 2457 sculpturae

767 2506 1195 2559 monumenta
1236 2492 1443 2556 multo
1485 2491 1847 2557 dilucidius
1887 2514 2163 2556 cernere
2202 2493 2456 2557 sinunt.

842 2878 942 2936 38.
978 2876 1256 2947 Nomas,
1292 2878 1685 2950 Dionysiaca,
1719 2875 1820 2946 48,
1853 2875 1993 2933 639.

845 2971 943 3028 39.
977 2988 1179 3028 ΤΕΜΡε
1211 2988 1616 3040 TounNANTs;
1656 2970 1733 3028 ef.
1765 2967 1973 3042 Essai‚
2001 2968 2138 3026 209.

845 3064 944 3122 40.
979 3062 1357 3142 Anthologia
1386 3062 1710 3134 PlanudiS,
1743 3063 2138 3139 Epigramma
2171 3060 2308 3120 275.

843 3157 943 3214 41.
977 3155 1194 3214 Nonne
1243 3155 1469 3234 Apollo
1519 3175 1828 3234 suspenso
1878 3155 2076 3233 gradu
2129 3153 2437 3231 procedit,
2483 3152 2602 3212 hoe
2649 3172 2835 3211 versu
2884 3173 3011 3230 quo

761 3250 987 3308 dicitur
1043 3247 1190 3309 καλὰ
1250 3249 1344 3309 καὶ
1398 3247 1487 3330 ὕψι
1544 3248 1697 3329 βιὸάς
1745 3246 2136 3328 (Homericus
2199 3247 2482 3326 Hymnus
2534 3248 2621 3303 ad
2673 3250 3005 3325 Apollinem

760 3345 1062 3418 Pythium,
1096 3341 1231 3421 202)
1251 3345 1275 3399 Ρ
