3609 5625
1767 717 2084 776 ...18-

796 887 1124 966 κινήσεως,
1152 879 1674 970 διασπειρομένης
1704 875 1837 968 ἅμα
1862 877 1969 946 καὶ
1995 870 2568 958 ξυνακολουθούσης
2596 876 2686 954 εἰς
2709 884 2909 946 πᾶσαν
2936 884 3051 961 τὴν

799 1008 1072 1103 ὄρχησιν
1114 1006 1339 1079 ἱκανῶς
1364 1005 1431 1068 ⁴⁶.

888 1137 939 1199 E
981 1130 1453 1220 Xenophontis
1494 1127 1812 1194 Convivio
1837 1151 1863 1199 ,ε
1897 1122 1940 1203 ἡ
1971 1127 2117 1199 παῖς
2155 1122 2243 1200 είς
2278 1122 2604 1194 τοῦπισθεν
2639 1133 3045 1221 καμπτομένη

793 1256 1065 1364 τροωέοὺς
1116 1253 1434 1347 ἐμιμεῖτο,
1489 1249 1719 1325 ἐκεῖνος
1772 1250 1968 1315 ταῦτα
2024 1247 2112 1323 είς
2167 1250 2236 1315 τὸ
2296 1248 2638 1344 ἔμπροσθεν
2696 1250 3045 1321 ἐπικόπτων

794 1381 1134 1476 ’μιμεῖσθαι
1158 1378 1430 1473 τροχοὺς
1461 1374 1746 1467 ἐπειρᾶτο
1774 1377 1844 1441 ⁴⁷.

884 1508 1196 1573 Attamen
1264 1500 1927 1570 animadvertendum
1995 1512 2120 1576 est,
2194 1501 2699 1567 exercitationes
2766 1506 3042 1569 nimium

797 1632 1190 1707 laboriosaS‚
1226 1627 1526 1693 Platonis
1556 1624 2072 1713 Aristotelisque
2104 1649 2460 1704 consensu,
2487 1629 2716 1715 pueris
2744 1629 3047 1694 vitandas

796 1782 943 1823 esse
964 1758 1096 1820 ³²³⁸.
1132 1753 1321 1820 Adde
1362 1753 1497 1816 huc
1537 1750 1714 1839 quod
1753 1750 2132 1838 Xenophon
2173 1749 2342 1839 ipse,
2385 1765 2737 1842 postquam
2787 1754 2869 1818 de
2917 1756 3048 1819 sal-

795 1882 1125 1948 tatoribus
1203 1877 1621 1974 imitantibus¹
1683 1872 1972 1972 τροχοὺς·
2034 1875 2439 1942 mentionem
2519 1876 2700 1955 fecit,
2773 1879 3045 1944 nimiam

799 2030 1027 2072 eorum
1081 2002 1581 2070 contentionem
1635 2000 1987 2063 molestam
2038 2023 2184 2063 esse
2235 2002 2694 2089 spectantibus
2739 2004 2985 2069 satetur
3025 2031 3041 2068 :

686 2218 693 2222 —
795 2125 941 2197 οὐδὲ
975 2129 1099 2222 μὴν
1128 2128 1197 2194 τό
1225 2152 1298 2219 γε
1331 2122 1808 2218 διαστρέφοντας
1826 2124 1903 2188 τὰ
1922 2124 2189 2215 σώματα
2205 2125 2312 2189 καὶ
2330 2125 2599 2219 τροχοὺς
2624 2130 3050 2221 μιμουμένους

796 2253 976 2335 ἥδιον
1004 2251 1045 2333 ἢ
1076 2251 1360 2345 ἡσυχίαν
1392 2247 1654 2343 ἔχοντας
1682 2246 1827 2322 τοὺς
1861 2244 2098 2321 καλοὺς,
2117 2249 2223 2318 καὶ
2253 2247 2524 2340 ὡραίους
2553 2249 2831 2342 θεωρεῖν.

885 2380 973 2445 At
1025 2379 1256 2443 saltem
1317 2400 1397 2440 ex
1452 2375 1559 2439 his
1607 2373 1956 2462 exemplis,
2012 2373 2142 2437 nisi
2200 2373 2417 2451 fallor,
2471 2375 2770 2467 intellegi
2826 2391 3048 2467 potest

801 2527 1046 2594 pueros
1071 2527 1104 2568 a
1128 2499 1631 2590 gymnasiarcho
1656 2494 2103 2588 (παιδοτρίὸης)
2135 2498 2360 2563 eadem
2396 2500 2652 2565 ratione
2676 2501 3046 2591 iisdemque

803 2629 1117 2704 motibus,
1172 2625 1472 2690 Platonis
1521 2635 1733 2692 aetate
1766 2622 1963 2708 *haud
2011 2647 2201 2688 secus
2250 2647 2324 2687 ac
2372 2623 2660 2706 Libanii‚
2706 2626 2789 2691 ad
2836 2640 3044 2693 artem

804 2751 1092 2822 saltandi
1120 2745 1511 2817 informatos
1543 2772 1713 2815 esse.

900 3021 1076 3086 Satis
1122 3032 1387 3083 constat
1434 3041 1677 3106 pueros
1721 3017 1812 3093 in,
1841 3016 2190 3106 palaestris
2237 3019 2600 3107 Pyrrichae
2620 3021 2666 3055 ‘⁸
2704 3036 2770 3086 ct
2816 3024 3056 3089 Chiro-

809 3147 1069 3212 nomiae
1100 3142 1687 3210 exercitationibus
1717 3142 2062 3207 institutos
2104 3167 2272 3222 esse,
2310 3168 2590 3232 quarum
2633 3146 2842 3212 altera
2883 3148 3062 3215 inter

811 3271 1195 3337 saltationes
1243 3267 1819 3358 praestantissima
1866 3258 2258 3348 ducebatur,
2313 3269 2518 3334 altera
2571 3271 2784 3336 nihilo
2838 3274 3055 3339 minus

811 3395 1096 3462 athletae
1128 3416 1324 3483 quam
1357 3392 1655 3457 saltatori
1692 3404 1835 3456 erat
1868 3394 2264 3457 necessaria.

901 3519 1218 3608 Pyrricha
1250 3530 1466 3581 autem
1493 3513 1553 3603 (ἡ
1583 3514 1896 3608 πυρρίχη)
1919 3540 2068 3580 cum
2092 3518 2160 3581 in
2186 3516 2534 3605 Spartanis
2564 3519 3052 3611 Γυμνοπαιδίαις

812 3669 965 3733 pars
1032 3643 1158 3709 suit
1223 3642 1505 3707 maxima
1540 3642 1609 3723 ⁴⁹,
1644 3654 1784 3706 tum
1856 3640 2495 3706 Panathenaicorum
2571 3647 3050 3715 certaminibus

891 4031 991 4089 46.
1026 4029 1229 4099 Plato,
1260 4034 1471 4106 Leges,
1509 4028 1644 4096 795,
1675 4047 1731 4085 e.

889 4124 989 4182 47.
1020 4121 1391 4199 Xenophon,
1425 4122 1783 4190 Convivium,
1817 4121 1877 4191 2,
1911 4121 2009 4181 21.

889 4217 988 4276 48.
1025 4215 1119 4275 Cf.
1162 4215 1364 4286 Plato,
1412 4219 1621 4291 Leges,
1673 4215 1821 4285 796;
1867 4214 2006 4285 803,
2059 4234 2091 4273 e
2107 4238 2123 4286 3
2163 4216 2375 4274 833-4.
2425 4215 2757 4275 Testantur
2806 4237 3048 4297 quoque

807 4310 1017 4370 fictilia
1043 4328 1210 4379 vasa,
1245 4320 1458 4367 ornata
1485 4307 1670 4386 pictis
1702 4307 2100 4388 imaginibuS.

882 4405 980 4462 49.
1015 4402 1320 4481 Pyrricha
1360 4402 1687 4460 utebantur
1730 4400 2198 4461 Lacedaemonii
2241 4414 2308 4461 ut
2345 4402 2493 4461 belli
2532 4403 2987 4482 comparatione
3024 4428 3037 4461 :

798 4496 1202 4582 προγύμνασμα
1230 4502 1328 4555 τοῦ
1353 4493 1623 4573 πολέμου.
1658 4492 2036 4568 Athenaeus,
2069 4498 2630 4573 Deipnosoplzistae,
2660 4497 2799 4569 631,
2831 4517 2885 4555 a.
