3609 5625
1771 733 2089 793 -46.’-.

1756 1372 1952 1530 IX
2003 1364 2102 1429 ⁶²³

1208 1904 1331 1968 De
1378 1901 1736 1969 motibus
1784 1895 2194 1988 κυὸιστητῆρι
2239 1899 2624 1981 propriis.

880 2330 1072 2398 Valet
1109 2327 1400 2396 κυὸιστᾶν
1440 2331 1509 2393 in
1553 2343 1751 2420 caput
1802 2353 1873 2393 se
1911 2330 2269 2417 conjicere,
2305 2328 2375 2393 id
2406 2342 2507 2393 est
2545 2329 2870 2416 porrectis
2899 2329 3044 2395 bra·

793 2456 963 2520 chiis
1021 2457 1113 2521 ita
1169 2455 1237 2519 in
1296 2479 1529 2519 manus
1569 2453 1863 2534 insilire,
1915 2466 2011 2532 ut,
2066 2477 2298 2518 manus
2347 2452 2564 2541 palma
2622 2454 2691 2517 in
2747 2453 3043 2542 plantam

794 2579 986 2668 pedis
1014 2580 1203 2668 quasi
1236 2584 1577 2655 conversa,
1611 2578 1920 2642 cruribus
1955 2602 2076 2665 pro
2106 2578 2398 2642 brachiis
2431 2577 2703 2642 saltator
2732 2592 2953 2642 utatur
2969 2580 3035 2642 ²⁸.

796 2705 1005 2785 Quam
1053 2702 1620 2780 exercitationem,
1667 2724 2046 2790 quanquam
2086 2702 2156 2765 in
2197 2725 2310 2765 eos
2351 2701 2542 2766 ludos
2588 2702 2826 2765 incidit
2873 2726 3040 2790 quos

793 2829 1130 2917 appellant
1176 2826 1483 2917 Θαύματα,
1539 2851 1670 2890 non
1720 2839 2033 2916 recusant
2090 2826 2326 2891 Graeci
2379 2828 2732 2915 quominus
2782 2823 3044 2921 ὅρχημα

792 2952 1071 3016 dicatur.
1148 2953 1352 3040 Cujus
1419 2949 1644 3039 plures
1714 2964 1869 3014 sunt
1941 2950 2144 3014 modi.
2222 2949 2583 3015 Saltatores
2644 2951 2853 3030 enim,
2927 2952 3039 3040 qui

788 3074 1234 3166 κυὸιστητῆρες
1287 3072 1370 3138 Δ61ῑ
1441 3071 1874 3164 κυὸιστητρίαι
1954 3087 2299 3149 vocantur,
2391 3075 2695 3140 manibus
2774 3074 3039 3165 ingredi

790 3225 1024 3288 parum
1072 3201 1418 3278 habenteS,
1471 3212 1613 3262 tum
1666 3213 1878 3262 rotam
1934 3198 2182 3261 imitari
2234 3198 2679 3278 delectantur,
2734 3200 3037 3271 manibus

789 3323 1208 3412 pedibusque
1274 3322 1531 3388 alterna
1593 3347 1666 3386 ac
1726 3322 1931 3386 celeri
1987 3322 2332 3385 nutatione
2393 3346 2462 3386 se
2521 3323 3032 3411 excipientes²⁹3

787 3462 951 3529 tum,
1016 3450 1279 3512 inverso
1339 3447 1579 3535 capite,
1642 3446 1800 3510 solis
1860 3446 2164 3510 manibus
2231 3445 2551 3511 insistunt
2617 3446 3033 3537 pedibusque

792 3585 1051 3661 gestum
1093 3584 1320 3662 agunt,
1360 3570 1538 3635 velut
1569 3570 1680 3634 ille
1712 3569 2145 3659 Hippoclides
2176 3571 2315 3659 qui,
2351 3584 2705 3659 postquam
2737 3571 3033 3637 laconico

793 3699 1123 3785 atticoque
1183 3719 1367 3760 more
1428 3694 1731 3760 saltando
1795 3694 2163 3760 Clisthenis
2219 3696 2490 3783 tyranni
2549 3709 2613 3760 et
2672 3698 3032 3762 amicorum

790 3821 1293 3886 admirationem
1361 3833 1675 3898 moverat,
1739 3818 1978 3883 iisdem
2047 3821 2117 3883 in
2184 3821 2752 3909 contemptionem
2814 3823 3034 3889 subito

874 4215 971 4274 28.
1006 4217 1458 4297 μεταστρέψασαι
1499 4212 1596 4287 τὴν
1640 4218 1810 4296 χεῖρα
1851 4223 1943 4274 καὶ
1981 4217 2061 4295 τῷ
2104 4213 2234 4274 ποδί
2272 4239 2408 4274 ποτε
2445 4220 2519 4283 ὡς
2552 4214 2695 4297 χειρὶ
2739 4215 2832 4276 καὶ
2866 4212 3036 4294 ταύτῃ

784 4309 857 4374 ὡς
894 4306 1023 4367 ποδὶ
1061 4312 1305 4391 χρῶνται
1343 4307 1699 4391 ὀρχηστρίδες
1742 4306 2163 4386 (AristoteleS,
2202 4310 2418 4367 Etlzica
2461 4313 2547 4367 ad
2582 4311 2930 4373 Eudemum,
2974 4309 3031 4377 7,

791 4400 886 4470 13,
920 4401 955 4457 2
986 4446 1001 4462 .

868 4399 975 4553 29.)
1002 4493 1096 4553 Cf.
1132 4498 1330 4567 Essai,
1365 4494 1504 4554 374.
