3609 5625
1790 706 2106 763 -64-

917 865 1417 930 declinationem
1457 871 1755 953 corporis·
1786 863 2091 950 (ἔκνευσις
2123 867 2218 950 66),

915 1005 1158 1055 motam
1191 1015 1319 1080 qao
1360 991 1795 1055 retroceditur
1826 986 2091 1080 (ὕπειξις
2127 991 2227 1077 66),

915 1121 981 1179 in
1012 1115 1290 1180 sublime
1318 1117 1564 1179 saltum
1597 1112 1969 1202 (ἐκπήδησις
1999 1113 2061 1181 ἐν
2095 1111 2238 1204 ὕψει
2272 1117 2361 1201 66),

918 1246 1347 1328 reptationem
1382 1242 1779 1329 (ταπεινώσις
1817 1243 1912 1328 66),

1407 1325 1776 1351 ————<

825 1366 1071 1453 quibus
1108 1366 1323 1429 omnis
1373 1366 1543 1430 ictus
1568 1361 1921 1454 jactusque
1961 1366 2334 1430 cautionem
2367 1365 2717 1430 imitantur
2754 1367 2821 1443 66,
2857 1378 2996 1429 tum
3039 1391 3072 1430 a

827 1488 1091 1554 bellicis
1122 1490 1299 1555 ludis
1331 1492 1597 1554 habitus
1637 1491 1987 1584 (σχήματα)
2028 1503 2094 1554 et
2136 1490 2506 1582 μιμήματα,
2550 1490 2795 1578 quibus
2847 1490 3069 1554 fictum

828 1615 1090 1678 hostem
1131 1616 1613 1706 aggrediuntur
1653 1629 1718 1680 et
1748 1616 2021 1680 feriunt.
2073 1616 2206 1680 Sed
2260 1615 2397 1679 illis
2441 1615 2729 1679 motibus
2771 1627 2837 1679 et
2881 1616 3071 1679 habi-

827 1740 1005 1804 tibus
1073 1739 1431 1816 adduntur,
1502 1752 1575 1804 ut
1648 1740 1738 1804 ita
1808 1741 2058 1816 dicam,
2131 1740 2502 1804 saltationis
2564 1753 2976 1832 ornamenta,
3036 1764 3069 1804 e

827 1835 1071 1951 quibus
1104 1864 1451 1928 saltatores
1502 1888 1875 1954 cognomen
1925 1866 2202 1929 trahunt
2238 1861 2710 1955 Χαλκοκρότους
2738 1866 2805 1927 ⁶⁷.
2843 1864 3070 1951 Pyrri-

822 1989 1079 2053 chistae
1113 1989 1313 2067 enim,
1360 1990 1608 2053 mutuis
1639 1990 1884 2053 ictibus
1917 1989 2300 2068 arietanteS,
2326 2002 2465 2053 tum
2491 1989 2785 2081 gladium
2817 1988 3063 2080 gladic,

824 2127 966 2177 tum
998 2127 1256 2177 scutum
1298 2127 1486 2178 scuto
1525 2114 1890 2201 percellere
1925 2113 2166 2189 solent,
2201 2127 2276 2178 ut
2324 2138 2657 2178 armorum
2692 2114 2913 2177 sonitu
2946 2113 3069 2176 sal-

822 2240 989 2303 tatio
1039 2222 1456 2327 splendidior
1503 2238 1699 2302 simul
1754 2262 1827 2303 ac
1869 2239 2290 2303 numerosior
2328 2238 2444 2303 fiat
2480 2240 2548 2303 66.
2592 2238 2798 2327 Atqui
2838 2261 3068 2302 omnes

827 2388 1091 2453 quoque
1135 2366 1345 2455 φορὰς,
1393 2384 1556 2452 quas
1616 2388 1814 2451 supra
1863 2363 2025 2441 dixi,
2076 2362 2156 2427 ad
2211 2388 2361 2427 suas
2404 2365 2716 2451 proprias
2755 2362 3067 2427 exercita·

826 2490 1042 2553 tiones
1083 2488 1405 2552 adhibent
1459 2488 1947 2577 Pyrrichistae3
1982 2502 2078 2567 ut,
2137 2512 2331 2552 crura
2379 2488 2744 2576 pedesque,
2792 2488 3062 2552 brachia

826 2638 1217 2701 manusque,
1262 2614 1491 2690 latera,
1536 2626 1757 2702 caput,
1802 2613 2042 2678 iisdem
2083 2613 2375 2677 motibus
2431 2637 2598 2700 quos
2648 2613 2984 2677 numeravi
3023 2614 3068 2646 ⁰⁹

813 2742 1170 2827 jactanteS‚
1208 2763 1383 2833 nunc
1415 2740 1483 2802 in
1514 2738 1793 2830 vestigio
1827 2750 2026 2814 stent,
2073 2761 2248 2802 nunc
2289 2737 2568 2828 gradum
2601 2737 2838 2815 ferant,
2860 2719 3064 2801 'modo

821 2865 1084 2941 saliant,
1132 2864 1330 2928 modo
1369 2866 1436 2928 in
1475 2889 1675 2953 gyros
1714 2876 2084 2938 vertantur,
2121 2887 2599 2952 nonnunquam
2640 2862 3062 2927 orbiculat-im

819 2991 1104 3080 vestigio
1139 3003 1550 3053 moveantur.
1587 2990 1852 3053 Etenim
1884 2990 2010 3052 hoc
2050 2988 2480 3078 perspicuum
2523 3001 2625 3052 est
2671 3012 2782 3051 eos
2815 3011 3063 3079 cogno-
3154 3032 3163 3040 ·

814 3444 852 3511 ἡ
884 3439 1127 3506 ἐνόπλιος
1151 3441 1342 3521 χορεία
1374 3461 1482 3499 seu
1505 3441 1733 3519 κίνησις,
1758 3476 1837 3484 —-
1859 3448 1921 3500 τὸ
1951 3438 2046 3512 τὴν
2081 3440 2270 3521 μάχην
2301 3444 2613 3523 ὀρχεῖσθαι,
2637 3439 2802 3499 -τὰ
2835 3441 3061 3501 ἐνόπλια

814 3533 1060 3612 παίγνια,
1083 3569 1161 3578 ·--
1179 3539 1214 3606 ἡ
1243 3532 1580 3618 φερεσσακὴς
1609 3535 1827 3617 χορεία,
1850 3569 1925 3578 -
1951 3558 2012 3594 το
2044 3534 2438 3615 Κορυὸαντιᾶν,
2463 3568 2543 3580 --
2563 3539 2599 3613 ἡ
2633 3538 2743 3594 τῶν
2765 3537 3062 3616 Κουρήτων

819 3647 928 3704 Seu
957 3632 1064 3686 τῶν
1095 3628 1448 3709 Κορυὸοίντων
1474 3629 1726 3711 ὄρχησις,
1754 3663 1831 3671 -
1859 3636 1921 3688 τὸ
1947 3628 2295 3712 πυῤῥιχίζειν,
2318 3663 2398 3671 —-
2426 3631 2462 3706 ἡ
2491 3627 2745 3712 πυῤῥίχη.
2781 3628 2875 3687 Cf.
2904 3628 3061 3686 Pars

815 3722 1034 3799 prima,
1075 3722 1179 3779 IV.
1915 3738 1918 3741 ’

897 3816 994 3873 66.
1032 3815 1230 3886 Plato,
1267 3815 1489 3894 LegeS‚
1522 3817 1661 3887 815,
1696 3835 1749 3873 a.

895 3909 995 3966 67.
1032 3908 1323 3986 Orphica,
1351 3910 1452 3978 31,
1492 3912 1753 3966 Curetes

896 4002 993 4059 68.
1030 4001 1155 4085 ξίφη
1208 4006 1438 4061 κτυπεῖν
1485 4000 1787 4079 (Nonnus,
1835 4003 2232 4076 Dionysiaca,
2284 4003 2345 4071 9,
2396 4000 2566 4081 164);
2616 4036 2697 4046 —
2745 3998 3062 4081 ἀμοιὸαίαις

809 4098 994 4176 ῥιπαῖς
1040 4096 1271 4158 ἀσπίδας
1318 4092 1529 4176 κρούειν
1570 4094 1924 4174 κυῧιστητῆρι
1962 4096 2171 4176 σιδήρῳ
2218 4093 2492 4173 (ibidem,
2539 4094 2781 4175 164-5);
2823 4129 2903 4138 —
2942 4100 3060 4163 τοῖς

814 4186 980 4268 ξίφεσι
1032 4186 1127 4260 τὴν
1174 4189 1380 4247 ἀσπίδα
1437 4185 1647 4266 κρούειν
1700 4187 2042 4266 (LibaniuS,
2095 4185 2228 4269 ὑπὲρ
2276 4192 2383 4247 τῶν
2432 4191 2747 4269 ὀρχηστῶν,
2799 4188 2933 4267 20);
2979 4224 3060 4231 —

812 4281 1162 4341 σακεσποὶλον
1205 4282 1361 4360 ἅλμα
1403 4280 1705 4361 (NonnuS,
1738 4284 2138 4354 Dionysiaca,
2180 4282 2240 4351 3,
2282 4283 2405 4361 63),
2448 4282 2512 4339 id
2555 4294 2650 4340 est
2694 4281 2888 4340 saltus
2934 4302 3057 4359 quo

809 4373 1089 4432 vibratur
1120 4387 1389 4445 scutum3
1432 4409 1512 4418 -—
1539 4377 1717 4455 ἴχνεσι
1750 4379 2105 4454 μετρητοῒσιν
2138 4373 2432 4452 (ibidem).

890 4469 987 4525 69.
1021 4467 1176 4527 Vide
1208 4487 1419 4547 supra,
1455 4468 1609 4526 Pars
1642 4469 1935 4538 secunda,
1973 4467 2115 4537 VII,
2152 4467 2322 4539 VIII,
2355 4467 2461 4539 IX,
2495 4467 2569 4526 X.
