3609 5625
1519 717 1838 774 -13-

560 872 863 962 pugilum
916 896 1204 938 umeroS.
1261 874 1431 938 Hinc
1476 874 1651 938 effici
1694 887 1766 937 ut
1804 874 2047 961 cuique
2085 897 2205 937 sua
2242 872 2476 936 domus
2527 872 2811 936 sufficiat
2901 935 2904 936 γ

563 997 680 1061 ubi
745 997 1047 1062 saltando
1098 997 1470 1063 -valetudini
1523 998 1877 1063 consulere
1930 998 2168 1086 possit,
2239 996 2486 1062 nedum
2543 996 2812 1085 publico

562 1122 931 1210 Gymnasio
963 1123 1048 1186 sit
1079 1146 1268 1212 opuS.
1316 1125 1579 1188 Etenim
1630 1146 1777 1187 esse
1826 1122 2182 1187 ridiculum
2234 1122 2290 1196 si
2339 1122 2488 1211 quis
2528 1120 2815 1185 nudatus

563 1270 770 1311 senex
800 1247 1180 1334 spectaculo
1220 1248 1480 1312 civibus
1521 1247 1739 1326 detur,
1785 1247 1893 1311 cui
1934 1246 2248 1311 conclave
2301 1258 2554 1334 septem
2603 1244 2811 1309 lectu-

567 1370 783 1434 lorum
815 1394 1021 1459 capax
1051 1372 1211 1436 satis
1252 1373 1338 1436 sit
1377 1373 1459 1436 ad
1487 1371 1997 1460 tripudiandum
2029 1372 2074 1405 ³²
2118 1397 2180 1434 n.
2223 1371 2481 1451 Quibus
2521 1394 2556 1434 e
2593 1371 2813 1434 verbis

572 1496 782 1588 magis
814 1495 1101 1561 illustria
1131 1497 1300 1562 fiunt
1338 1521 1507 1586 quae
1545 1496 1627 1560 de
1672 1495 2027 1561 saltatione
2068 1495 2339 1583 scripsit
2376 1494 2758 1559 Athenaeus
2793 1518 2807 1556 :

566 1619 789 1693 παντὸς
844 1619 1007 1686 εἶναι
1066 1618 1294 1712 μέλους
1345 1622 1459 1698 τῆν
1516 1617 1789 1713 ὄρχησιν
1836 1621 2208 1713 γυμνάσιον.
2270 1617 2513 1683 ἔταττον
2568 1620 2688 1709 γὰρ
2744 1617 2814 1682 τὸ

571 1740 906 1837 ὀρχεῖσθαι
934 1742 1037 1811 ἐπὶ
1063 1730 1173 1810 τοῦ
1203 1745 1511 1811 κινεῖσθαι
1546 1747 1653 1811 καὶ
1691 1742 2079 1837 ἐρεθίζεσθαι
2116 1747 2183 1809 ³³.
2675 1719 2691 1742 ⁰

662 1872 829 1935 Cum
884 1884 1100 1935 autem
1160 1872 1563 1960 scriptorum
1631 1894 1987 1949 consensu,
2052 1893 2219 1958 quos
2276 1856 2810 1949 commemoravi,

568 2008 639 2060 et
689 1997 985 2061 Socratis
1044 1997 1454 2074 testimonie,
1499 2010 1714 2061 motus
1771 2009 1837 2060 et
1893 1996 2161 2060 habitus
2210 1994 2439 2086 (φοραί,
2486 1996 2813 2086 σχήματα)

573 2145 709 2186 non
737 2145 871 2186 uno
905 2122 1272 2210 eodemque
1303 2135 1607 2209 tempore
1643 2120 1919 2186 saltator
1950 2121 2325 2198 doceretur,
2363 2119 2814 2208 quaerendum
2876 2161 2883 2168 -

575 2269 720 2310 esse
760 2246 924 2311 mihi
973 2247 1186 2311 visum
1227 2259 1328 2310 est
1377 2245 1711 2310 fuerintne
1763 2245 1940 2334 apud
1990 2246 2281 2309 Graecos
2332 2243 2465 2308 duo
2513 2243 2817 2308 Saltandi

571 2370 882 2461 Magistri
924 2394 1007 2434 an
1038 2394 1209 2435 unus
1239 2383 1498 2435 tantum
1540 2370 1765 2435 fuerit.
1816 2371 1927 2435 Sic
1968 2383 2071 2435 est
2109 2369 2529 2458 propositum
2569 2368 2649 2434 de
2684 2392 2815 2457 quo

573 2495 981 2584 disputaturi
1023 2520 1277 2560 sumus.

1598 3006 1788 3166 IV

570 3391 648 3455 Ἀ
675 3390 844 3455 ludi
873 3388 1275 3469 magistro
1307 3379 1748 3474 (παιδοτρίὸης)
1784 3383 2255 3449 saltationis
2290 3383 2560 3448 motus
2592 3380 2819 3472 (φοραί)

1365 3562 1670 3628 pueros
1720 3543 2023 3610 doceri.

666 3831 988 3920 Magister
1036 3829 1174 3908 ille,
1217 3835 1423 3917 ‘quem
1474 3827 1715 3892 Graeci
1772 3820 2181 3914 παιδοτρίὸην
2229 3837 2490 3904 vocant,
2549 3864 2638 3875 —
2683 3849 2816 3914 quo

574 3955 944 4048 γυμναστὴν
988 3966 1053 4019 et
1100 3976 1579 4041 nonnunquam
1630 3947 1931 4028 ἀλείπτην
1972 3948 2152 4014 haud
2192 3947 2383 4013 facile
2426 3949 2817 4040 dignoscere

582 4105 962 4170 possumuS,
1004 4119 1092 4128 —
1141 4088 1284 4143 eam
1334 4076 1746 4165 provinciam
1793 4075 1998 4139 habet
2045 4079 2120 4140 ut
2165 4076 2476 4140 omnibus
2523 4077 2820 4164 corporis

659 4419 759 4478 32.
793 4417 1163 4497 Xenophon,
1203 4418 1563 4486 convivium,
1597 4415 1667 4486 2‚.
1687 4415 1947 4494 passim.

660 4511 760 4574 33.
796 4510 1173 4583 Athenaeus,
1210 4509 1771 4587 Deipnosophistae,
1805 4508 1905 4579 21,
1938 4528 1991 4566 a.
