3609 5625
1843 705 2162 764 -74-

878 864 1278 951 PrynichuS‚
1345 860 1660 957 ὀρχησταὶ
1735 864 2053 952 appellati
2119 863 2356 937 fuisse,
2419 865 2630 954 quod,
2704 888 2839 929 non
2907 866 3119 930 solum

881 1012 1030 1052 suas
1084 988 1339 1052 fabulas
1386 988 1591 1053 Chori
1640 987 2542 1077 saltationibusaptaverint,
2576 1013 2805 1054 verum
2854 1014 3121 1078 quoque

882 1112 1169 1177 saltandi
1203 1112 1554 1177 docuerint
1590 1125 1799 1176 artem
1834 1115 1899 1190 ¹⁰,
1923 1113 1978 1176 si
2020 1113 2169 1200 quis
2206 1136 2348 1176 cam
2390 1087 2747 1178 addiscere
2774 1103 3115 1179 voluisset.

872 1236 1242 1324 Aeschylus
1301 1236 1558 1314 itidem,
1621 1250 1693 1302 ut
1742 1260 1941 1325 supra
1993 1236 2153 1314 dixi,
2209 1237 2412 1301 nullis
2463 1239 2776 1302 utebatur
2834 1238 3119 1303 saltandi

874 1361 1209 1452 magistris
1295 1360 1411 1425 sed
1485 1359 1631 1448 ipse
1718 1361 1976 1425 Choros
2051 1360 2333 1425 docebat
2395 1361 2661 1425 habitus
2740 1357 3117 1455 (ὀρχηστικὰ

870 1485 1228 1577 σχήματα),
1275 1508 1442 1574 quos
1492 1485 2003 1574 excogitaverat.
2049 1486 2121 1549 In
2163 1509 2361 1574 quem
2405 1486 2569 1550 haec
2612 1488 2810 1550 verba
2858 1487 3118 1551 confert

869 1609 1354 1698 Aristophanes
1417 1635 1431 1672 :
1487 1613 1653 1675 τοῖσι
1719 1613 1939 1702 χοροῖς
2008 1608 2189 1683 αὕτὸς
2250 1611 2328 1673 τὰ
2399 1610 2685 1703 σχήματ’
2744 1607 2995 1676 ἐποτουν
3042 1614 3108 1675 ¹¹.

871 1736 1079 1798 Immo
1127 1733 1548 1823 Phrynichus
1590 1758 1723 1798 non
1764 1736 2056 1799 habebat
2094 1734 2253 1799 satis
2292 1747 2391 1799 tot
2434 1735 2770 1799 invenisse
2808 1736 3116 1829 σχήματά

870 1872 1033 1950 quot
1069 1883 1273 1939 mare,
1315 1859 1530 1923 ventis
1575 1859 1872 1948 undique
1914 1858 2375 1948 perflantibuS,
2419 1861 2589 1924 cieat
2619 1859 2858 1925 fluctus
2890 1863 2953 1938 ¹²,
2990 1861 3107 1926 sed

870 1984 1163 2073 tragicae
1224 1983 1595 2048 saltationis
1658 1984 1823 2048 adeo
1889 1997 2032 2047 erat
2098 1984 2386 2074 diligens
2447 1997 2522 2048 ut
2577 1988 2896 2074 cujusque
2955 1986 3107 2049 novi

869 2109 1201 2202 σχήματος
1230 2109 1644 2173 inventorem
1682 2109 1977 2172 triobolo
2022 2108 2303 2173 donaret
2334 2110 2400 2172 ¹³.

957 2234 1267 2297 Attamen
1318 2236 1456 2321 jam
1503 2232 1821 2321 Aeschyli
1875 2238 2085 2298 aetate
2138 2232 2425 2297 saltandi
2477 2234 2781 2323 magistri
2839 2235 3111 2299 exstite-

870 2371 1027 2423 runt
1052 2381 1334 2446 quorum
1368 2371 1593 2446 partes
1615 2370 1802 2421 erant
1835 2357 2040 2422 Chori
2073 2357 2474 2434 instruendi,
2502 2370 2574 2421 ut
2603 2371 2884 2422 testatur
2914 2358 3110 2423 Athe-

869 2505 1098 2564 naeuS,
1134 2481 1311 2569 apud
1350 2505 1546 2570 quem
1577 2481 1919 2569 cujusdam
1963 2481 2265 2546 Telestae
2307 2506 2548 2545 nomen
2597 2482 2904 2572 legimuS,
2942 2483 3106 2547 Aes-

868 2607 1044 2696 chyli
1076 2606 1415 2695 aequalem
1461 2619 1527 2670 et
1564 2606 1815 2670 laboris
1862 2606 2139 2681 socium,
2195 2606 2308 2694 qui
2353 2607 2557 2670 multa
2596 2607 2906 2699 σχήματά
2964 2608 3107 2671 edi-

868 2732 1049 2796 disse
1081 2731 1349 2795 dicitur.

958 2857 1091 2925 Sed
1122 2870 1388 2946 praeter
1429 2856 1582 2921 illos
1624 2858 1761 2945 qui,
1790 2882 1938 2922 cum
1972 2859 2310 2922 scaenicas
2344 2857 2730 2922 saltationes
2751 2859 3106 2948 praecipue

867 2985 1198 3051 curarent,
1233 2971 1507 3062 proprie
1538 2969 2070 3067 χοροδιδάσκαλοι
2107 2974 2515 3037 vocabantur
2546 2973 2700 3037 etin
2733 2972 2929 3038 laude
2960 2998 3107 3038 cum

866 3098 1115 3187 populo
1160 3109 1373 3172 erant,
1437 3098 1508 3161 hi
1558 3097 1848 3162 saltandi
1890 3098 2190 3187 magistri
2235 3098 2454 3162 minus
2508 3098 2855 3188 dignitatis
2911 3098 3105 3164 habe-

863 3226 1047 3301 bant,
1102 3222 1241 3311 qui,
1301 3235 1509 3286 artem
1561 3222 1778 3311 pretio
1827 3222 2273 3303 venditanteS,
2321 3223 2632 3312 privatim
2683 3222 2860 3286 cives
2909 3223 3102 3288 insti-

860 3352 1138 3415 tuebant
1186 3346 1268 3411 ad
1309 3345 1683 3412 saltandum
1715 3348 1780 3410 ¹⁴.
1817 3349 2191 3437 Xenophon
2234 3360 2467 3412 auctor
2508 3360 2607 3411 est
2646 3348 3095 3427 Charmidem,

860 3474 1046 3564 apud
1074 3473 1351 3539 Calliam
1392 3496 1541 3536 cum
1574 3472 1801 3537 amicis
1834 3485 2208 3549 cenantem,
2247 3474 2617 3561 stupuissse
2661 3485 2726 3536 et
2780 3473 3102 3538 exclama-

946 3815 1038 3871 10.
1076 3814 1267 3882 αὐτοὺς
1312 3815 1413 3886 ἔξω
1470 3821 1577 3877 τῶν
1632 3817 1779 3877 ἰδίων
1835 3819 2161 3899 ποιημάτων
2218 3819 2497 3880 διδάσκειν
2554 3817 2680 3887 τοὺς
2734 3820 3106 3899 βουλομένους

862 3909 1146 3989 ὀρχεῖσθαι
1184 3909 1583 3990 (AthenaeuS‚
1616 3914 2179 3989 Dec'pnosopleistae,
2215 3914 2313 3984 22,
2347 3916 2424 3993 a).

945 4003 1038 4059 11.
1075 4001 1453 4074 Athenaeus,
1482 4008 2042 4083 Delpnosopleistae,
2077 4007 2175 4077 21,
2212 4008 2250 4064 f.

945 4094 1039 4151 12.
1073 4095 1342 4176 σχήματά
1383 4095 1671 4179 δ’ὅρχησις
1710 4097 1849 4159 τόσα.
1891 4124 1985 4176 μοι
2028 4104 2216 4180 πόρεν,
2257 4097 2390 4160 ὅσσ’
2427 4099 2502 4159 ἐνὶ
2545 4103 2731 4181 πόντῳ
2803 4099 2812 4178 Ι
2887 4097 3103 4176 κύματα

861 4192 1099 4247 ποιεῖται
1129 4190 1356 4270 χείματι
1386 4189 1478 4261 νύξ
1508 4194 1642 4272 ὀλοή
1679 4190 2093 4272 (PlutarchuS‚
2126 4197 2470 4252 Convivalia
2501 4194 2910 4262 Problemata,
2936 4192 2998 4260 8,
3023 4189 3104 4268 9).

946 4282 1038 4342 13.
1072 4280 1208 4341 οὕτω
1235 4283 1550 4366 [Φρύνιχον]
1585 4288 1894 4347 σπουδάσαι
1927 4286 2047 4370 περὶ
2076 4284 2340 4370 τραγικὴν
2368 4286 2592 4368 ὄρχησιν
2626 4284 2774 4345 ὥστε
2812 4288 2891 4366 τῷ
2920 4290 3106 4345 καινὸν

862 4383 1061 4455 σχῆμά
1089 4377 1295 4459 εὑρόντι
1324 4378 1526 4439 διδόνπιι
1553 4375 1843 4461 τριώέολον
1872 4380 2282 4460 (Eustathius‚
2313 4383 2489 4450 Ilias,
2524 4380 2600 4449 N,
2631 4377 2796 4459 636).

947 4469 1041 4525 14.
1077 4470 1452 4544 Athenaeus»,
1484 4476 2047 4550 Deilmosopleistae,
2081 4475 2152 4531 21
2188 4474 2236 4545 f;
2272 4473 2371 4544 22,
2407 4493 2461 4532 a.
