3609 5625
1447 700 1764 757 -75—

482 859 655 923 visse
696 858 877 946 quod
907 860 1217 923 Socrates
1250 857 1581 946 quendam
1625 853 2286 950 ὀρχηστοδιδάσκαλον
2326 859 2629 925 laudaret
2669 875 2735 926 et

486 985 568 1048 ab
590 1007 668 1048 eo
692 983 1062 1048 saltationis
1085 995 1438 1072 praecepta
1469 983 1947 1061 sciscitaretur,
1972 983 2201 1047 dicens
2224 1008 2293 1048 se
2315 985 2731 1073 perlibenter

488 1113 570 1177 ad
607 1113 876 1178 habitus
917 1124 1128 1177 semet
1158 1111 1379 1200 ipsum
1420 1135 1568 1175 esse
1618 1112 2062 1176 exerciturum
2103 1115 2168 1174 ¹⁵.
2216 1115 2336 1177 Hic
2388 1127 2606 1179 autem
2649 1140 2729 1180 ex

488 1239 937 1327 Xenophonte
996 1237 1182 1301 locus
1242 1260 1384 1301 mea
1444 1235 1670 1328 magni
1715 1237 1999 1301 interest
2053 1261 2202 1301 cum
2266 1238 2434 1302 nihil
2492 1239 2733 1304 habeat

491 1362 930 1429 dubitationis
993 1361 1153 1449 quin
1213 1360 1522 1453 σχήματα
1575 1360 1863 1424 saltandi
1931 1361 2237 1450 magistri
2297 1363 2431 1427 sint
2479 1376 2726 1450 partes,

494 1487 757 1553 Etenim
802 1486 989 1579 φοραί
1038 1508 1152 1549 seu
1194 1485 1616 1575 γυμναστικαὶ
1667 1480 1969 1577 ὀρχήσεις
2015 1509 2150 1549 non
2196 1488 2332 1574 jam
2374 1511 2407 1551 a
2459 1490 2731 1554 Socrate

493 1612 707 1677 aliena
735 1624 914 1688 sunt,
950 1634 1146 1698 quem
1177 1609 1336 1674 olim
1361 1610 1710 1674 saltantem
1744 1609 2236 1696 deprehensum
2268 1635 2415 1675 esse
2447 1636 2482 1675 a
2523 1614 2733 1677 Char-

495 1737 673 1801 mide
740 1759 937 1824 supra
1004 1734 1333 1813 diximus3
1395 1734 1512 1798 sed
1581 1733 1893 1822 quoniam
1963 1734 2309 1799 habituum
2370 1735 2731 1829 (σχήματα)

495 1861 845 1951 imperitus
902 1872 1035 1937 est,
1095 1858 1279 1922 illum
1340 1857 1735 1949 magistrum
1784 1857 1925 1922 adit
1965 1860 2155 1945 cujus
2208 1860 2279 1923 in
2327 1862 2736 1948 provinciam

493 1988 825 2080 σχήματα,
866 1984 1125 2048 scilicet
1157 1983 1500 2075 μιμητικαὶ
1541 1978 1865 2075 ὀρχήσεις,
1902 1983 2148 2046 cadunt
2188 1985 2251 2045 ¹⁶.

587 2114 726 2176 Hoc
767 2110 972 2202 igitur
1004 2132 1119 2172 sua
1152 2120 1390 2196 sponte
1429 2120 1708 2197 apparet
1746 2106 2036 2171 saltandi
2084 2107 2501 2198 magistrum,
2542 2133 2739 2198 quem

497 2237 738 2304 Graeci
768 2229 1425 2328 ὀρχηστοδιδάσκαλον
1469 2233 1726 2307 dicunt,
1783 2231 1918 2295 sive
1964 2232 2171 2297 Chori
2215 2233 2564 2299 saltatores
2605 2235 2740 2300 sive

497 2363 788 2451 privatos
846 2372 1053 2424 artem
1121 2358 1341 2436 docet,
1412 2356 1580 2420 illud
1649 2356 1777 2419 sibi
1838 2355 2204 2443 deposcere
2272 2370 2342 2420 ut
2390 2353 2742 2451 ὀρχηστικὰ

497 2488 807 2582 σχήματα
838 2483 1225 2549 moderetur
1253 2484 1319 2544 ¹⁷.

584 2855 679 2911 15.
712 2851 777 2912 ἂν
806 2851 977 2925 ἡδέως
1009 2856 1240 2934 μάθοιμι
1270 2853 1339 2914 τὰ
1370 2858 1643 2936 σχήματα
1670 2852 1820 2935 παρὰ
1849 2858 1944 2913 σοῦ
1966 2850 2354 2931 (Xenophon,
2384 2849 2744 2915 Convivium,

500 2947 560 3016 2,
598 2946 714 3026 15).
750 2945 884 3005 Hoc
914 2947 1052 3033 loco
1084 2948 1373 3007 Socrates
1402 2947 1739 3027 alloquitur
1770 2946 2033 3004 saltandi
2063 2945 2450 3024 magistrum.

585 3041 681 3098 16.
717 3039 810 3099 Cf.
845 3039 1005 3099 Pars
1036 3040 1256 3119 prima,
1293 3041 1405 3100 ΙΙΙ.

588 3135 682 3192 17.
717 3137 985 3213 σχήματα.
1001 3134 1229 3194 ’τάσσειν
1257 3134 1482 3214 (Plato,
1516 3139 1729 3211 Leg08‚
1765 3135 1904 3207 656,
1937 3132 2022 3212 d).
