3609 5625
1531 739 1850 796 ...17-

561 899 883 965 dubitabo
916 949 931 975 ,
995 921 1145 962 cum
1214 895 1619 984 scriptorum
1686 898 2073 962 testimonio
2140 911 2421 988 uterque
2469 899 2814 978 saltator,

567 1023 864 1092 Socratis
897 1036 1096 1112 atque
1129 1022 1557 1086 Constantini
1584 1021 2032 1109 temporibuS‚
2069 1024 2359 1088 motibus
2390 1023 2629 1088 iisdem
2662 1047 2819 1088 usus

567 1151 677 1228 sit,
713 1148 798 1213 ad
830 1161 1040 1213 artem
1071 1146 1527 1211 instituendus
1563 1171 1577 1209 :
1614 1142 1711 1212 δεῖ
1745 1145 1850 1212 τὸν
1878 1144 2077 1212 παῖδα
2107 1144 2339 1227 δηλοῦν
2370 1147 2455 1221 ὡς
2486 1143 2676 1238 ὕψους
2710 1149 2819 1240 μὲν

569 1268 847 1368 ἐφίξεται
898 1272 1181 1365 μετρίου,
1214 1268 1640 1361 πολυσαρκίας
1683 1267 1749 1335 δὲ
1794 1266 1907 1336 ούκ
1954 1270 2199 1361 ἅψεται.
2246 1270 2346 1339 δεῖ
2392 1269 2458 1337 δὲ
2508 1267 2677 1360 αύτῷ
2717 1275 2824 1338 καὶ

571 1393 840 1492 αὐχένος
894 1393 1078 1487 ὀρθοῦ
1143 1397 1250 1460 καὶ
1312 1392 1674 1487 βλέμματος
1730 1390 1860 1487 οὐχ
1922 1392 2140 1462 ὑπτίου
2198 1398 2304 1463 καὶ
2365 1395 2689 1463 δακτύλων
2755 1393 2823 1478 εὖ

571 1516 935 1616 πεφυκότων
965 1517 1264 1594 καὶὸλως
1289 1517 1582 1599 κάλλους,
1625 1520 1656 1584 ὃ
1686 1518 1983 1587 πλεῖστον
2025 1519 2086 1587 ἐν
2115 1526 2249 1595 τοῖς
2274 1526 2398 1586 τῶν
2441 1522 2595 1587 θεῶν
2633 1523 2828 1613 πράγ-

581 1673 762 1741 μασι,
801 1644 1097 1739 μάλιστα.
1117 1642 1184 1709 δὲ
1231 1642 1658 1737 μεταληπτέον
1697 1641 2015 1738 ὀρχηστῇ.
2059 1644 2438 1738 παραλαὸὼν
2471 1645 2536 1711 δὲ
2577 1641 2759 1711 αὐτὸν
2799 1637 2832 1709 ό

573 1762 983 1860 παιδοτρκίὸης
1059 1765 1148 1841 είς
1217 1764 1473 1841 πλείους
1545 1769 1651 1833 καὶ
1721 1766 2237 1860 θαυμασιωτέρας
2300 1773 2546 1876 καμπὰς
2617 1766 2658 1848 ἢ
2726 1769 2829 1835 τὸν

571 1892 932 1973 παλαιστὴν
963 1887 1248 1984 περιάξει
1278 1889 1380 1957 ἐπὶ
1409 1892 1524 1971 τὴν
1553 1889 1833 1986 κεφαλὴν
1863 1891 2109 1985 ἀνάγων
2150 1890 2299 1985 ὑπὲρ
2330 1899 2455 1960 τῶν
2493 1896 2710 1960 νώτων
2739 1896 2827 1959 τὼ

571 2016 720 2084 πόδε
776 2019 883 2084 καὶ
918 2017 1068 2109 πρός
1102 2043 1175 2108 γε
1216 2015 1309 2083 ἔτι
1351 2016 1723 2108 προκύπτειν
1769 2018 1881 2082 τοῦ
1926 2019 2263 2109 προσώπου
2317 2017 2824 2109 καταναγκάζων,

575 2143 736 2209 ὥστε
767 2147 876 2216 τὰς
909 2144 1168 2233 πτέρνας
1193 2146 1326 2216 τοῖς
1353 2140 1599 2234 ἀγκῶσι
1634 2140 1953 2220 πελάζειν.
1990 2140 2237 2208 ἐπειδὰν
2283 2140 2349 2207 δὲ
2390 2141 2737 2234 ἐργάσηται
2763 2145 2833 2208 τὸ

573 2274 767 2362 σῶμα
803 2265 1055 2346 κύκλον,
1092 2266 1300 2358 ὥσπερ
1330 2271 1470 2334 τινα
1508 2266 1725 2358 λύγον,
1761 2272 1922 2333 κινεῖ
1947 2269 2097 2359 πρὸς
2144 2266 2398 2360 δρόμον,
2432 2271 2535 2334 οἷα
2570 2269 2829 2361 τροχὸν,

572 2395 643 2459 τὸ
674 2391 741 2458 δὲ
777 2393 894 2478 θεῖ,
920 2396 1028 2458 καὶ
1053 2396 1184 2465 τοῖς
1217 2390 1473 2484 μέλεσιν
1504 2390 1536 2457 ό
1577 2389 1806 2483 δρόμος
1845 2386 1915 2457 ού
1946 2394 2188 2483 γίνεται
2218 2389 2453 2479 βλάὸη·
2486 2390 2685 2458 πάλαι
2713 2396 2831 2484 γὰρ

576 2516 654 2597 δὴ
696 2514 1107 2584 πεπαίδευται
1141 2516 1378 2582 τούτων
1418 2515 1672 2582 ἕκαστον
1716 2512 1904 2608 ὑγρὸν
1943 2515 2126 2598 εἶναι,
2168 2519 2393 2609 μικροῦ
2434 2515 2836 2596 διοικίζοντος

577 2641 679 2707 ἀπ’
705 2639 1007 2721 ἀλλήλων
1035 2642 1146 2706 τοῦ
1166 2638 1423 2732 παιδοτρ
1434 2639 1569 2707 ίὸου
1590 2643 1667 2705 τὰ
1691 2639 1853 2732 μέλη
1885 2643 1993 2707 καὶ
2020 2644 2127 2715 τας
2156 2665 2233 2705 συ
2244 2640 2479 2734 μὸολὸις
2503 2637 2839 2734 τηροῦντος

574 2793 641 2834 τε
683 2761 892 2842 αὐτοῖς
931 2764 1092 2859 ὁμοῦ
1140 2766 1246 2832 καὶ
1284 2763 1650 2849 διιστάντος,
1689 2764 1850 2832 ὥστε
1886 2767 1993 2833 καὶ
2031 2771 2259 2860 χεῖρας
2302 2768 2409 2833 καὶ
2443 2765 2662 2851 πόδας,
2696 2766 2838 2835 ὅποι

574 2919 671 2966 τις
711 2891 782 2959 ἂν
824 2891 946 2985 ἄγῃ
978 2893 1089 2958 τοῦ
1126 2890 1350 2959 λοιποῦ
1387 2893 1703 2985 σώματος,
1740 2890 2127 2977 ἀκολουθεῖν,
2164 2890 2371 2984 ὥσπερ
2414 2892 2597 2985 οἶμαι
2632 2895 2829 2983 κηροῦ

578 3017 790 3113 φύσιν.
824 3019 1104 3084 τοιοῦτον
1149 3019 1259 3109 μὲν
1291 3015 1321 3081 ό
1354 3017 1718 3109 γυμναστὴς
1744 3020 1834 3103 τῷ
1876 3014 2234 3105 διδασκάλῳ
2273 3020 2739 3109 παρασκευάσει
2763 3019 2833 3083 τὸ

577 3146 772 3234 σῶμα
799 3145 845 3179 ⁴⁸
853 3195 986 3210 .....

670 3271 810 3332 Hoc
842 3281 1062 3332 autem
1097 3280 1323 3331 nostra
1361 3266 1645 3331 maxime
1685 3267 1891 3331 refert
1921 3278 2001 3331 'ut
2040 3268 2222 3332 locos
2262 3291 2528 3356 quoque
2570 3293 2650 3333 ex
2689 3268 2831 3334 Pla·

578 3392 823 3457 tonicis
877 3393 1168 3484 Legibus
1214 3404 1280 3456 et
1324 3392 1815 3479 Xenophonteo
1873 3392 2190 3456 Convivio
2237 3391 2614 3467 afferamUS,
2664 3416 2829 3480 quos

582 3518 795 3606 quivis
833 3517 1198 3607 legentium
1228 3516 1491 3581 Libanii
1524 3516 1671 3580 loco
1713 3540 1917 3604 supra
1947 3515 2214 3580 laudato
2254 3516 2560 3581 conferre
2591 3519 2824 3605 possit.

670 3645 768 3706 Ex
804 3641 1106 3706 Platonis
1146 3641 1437 3731 Legibus
1474 3666 1487 3704 ε
1522 3642 1633 3718 τῆς
1676 3636 2009 3732 ὀρχήσεως
2037 3637 2201 3719 ἄλλη
2240 3642 2349 3732 μὲν
2379 3638 2628 3719 Μούσης
2663 3636 2831 3718 λέξιν

585 3767 1021 3858 μιμουμένων,
1052 3764 1123 3829 τό
1150 3790 1216 3829 τε
1252 3762 1714 3856 μεγαλοπρεπὲς
1744 3761 2158 3857 φυλάττοντας
2193 3762 2325 3856 ἅμα
2352 3765 2457 3829 καὶ
2485 3761 2829 3857 ἐλεύθερον,

580 3888 743 3969 άλλη
797 3888 862 3955 δὲ
918 3883 1158 3966 εύεξίας
1210 3886 1627 3982 ἐλαφρότητός
1689 3913 1756 3952 τε
1816 3886 1994 3952 ἕνεκα
2056 3889 2163 3953 καὶ
2217 3885 2489 3960 κάλλους
2542 3894 2667 3955 τῶν
2721 3892 2831 3955 τοῦ

579 4017 872 4108 σώματος
924 4009 1115 4080 αύτοῦ
1166 4012 1376 4106 μελῶν
1425 4015 1531 4079 καὶ
1583 4017 1815 4106 μερῶν,
1858 4013 1927 4077 τὸ
1978 4014 2292 4103 προσῆκον
2337 4016 2585 4105 καμπῆς
2621 4040 2687 4080 τε
2731 4018 2837 4081 καὶ

580 4138 884 4214 ἐκτάσεως
946 4141 1053 4205 καὶ
1118 4136 1570 4232 ἀποδιδομένης
1625 4138 1905 4211 ἑκάστοις
1970 4131 2181 4212 αύτοῖς
2245 4133 2449 4215 αύτῶν
2519 4135 2832 4233 εὐρύθμου

665 4522 762 4579 45.
797 4521 1125 4592 Libanius‚
1161 4517 1292 4601 ὑπὲρ
1322 4522 1428 4578 τῶν
1451 4520 1763 4600 ὀρχηστῶν,
1794 4517 1894 4574 22.

2522 4630 2554 4678 ὶῦ
