3609 5625
1668 625 1986 682 -70-

705 803 902 878 atque
957 789 1120 852 alias
1171 788 1416 852 formas
1467 784 1782 873 paulatim
1832 796 2199 862 transeant,
2236 798 2302 849 et
2350 797 2504 874 apte
2551 785 2951 850 conveniant

705 914 787 978 ad
834 912 1361 1003 unumquodque
1417 909 1791 975 saltationis
1838 933 2052 1000 genus
2089 934 2102 971 ε
2139 922 2211 974 ut
2251 910 2307 973 si
2347 910 2547 974 attico
2589 933 2796 986 more,
2834 934 2947 976 seu

703 1038 1027 1117 laconice,
1077 1062 1193 1102 seu
1246 1038 1493 1132 ionico,
1531 1060 1645 1100 seu
1699 1035 1948 1100 cretico
2001 1034 2329 1099 saltandi⁴
2374 1034 2560 1099 locus
2609 1036 2717 1098 sit.
2752 1036 2950 1123 Apud

703 1163 1116 1228 Herodotum
1149 1159 1933 1253 legimusHippoclidem
1961 1160 2466 1239 Atheniensem,
2494 1182 2642 1223 cum
2675 1183 2947 1224 uxorem

706 1288 838 1352 sibi
880 1300 1194 1375 posceret
1242 1285 1606 1352 Clisthenis
1654 1284 1955 1373 Sicyonii
1993 1284 2219 1363 filiam,
2253 1281 2571 1349 λακωνικα
2621 1298 2686 1348 et
2735 1282 2949 1349 ἀττικὰ

699 1413 1036 1505 σχημάτια
1110 1412 1454 1476 saltavisse
1486 1412 1530 1472 ¹⁵.
1597 1383 1834 1474 Itidem
1898 1410 1964 1473 in
2022 1411 2513 1497 Aristophanea
2582 1411 2945 1498 Lysistratc

696 1535 1031 1601 Laconum
1109 1536 1370 1602 Chorus
1446 1535 1783 1599 laconicos
1812 1536 1835 1569 ⁶
1900 1547 2116 1600 motus
2197 1534 2369 1615 edit,
2430 1535 2945 1599 Atheniensium

696 1662 958 1727 Chorus
1007 1662 1268 1727 atticOS.

792 1784 1212 1875 Discipulum
1277 1809 1566 1874 quoque,
1624 1809 1773 1849 cum
1834 1784 2219 1849 saltationes
2270 1783 2571 1871 dispares
2629 1784 2764 1848 sint
2824 1783 2948 1847 hoc

698 1910 879 2000 quod
932 1910 1160 1975 dicant
1214 1909 1454 1974 Graeci
1508 1904 1678 1988 ἦθος,
1721 1933 1991 1997 operam
2050 1909 2210 1973 dare
2266 1910 2606 1998 oportebit
2646 1921 2720 1971 ut
2765 1909 2950 1999 φοραὶ

694 2048 958 2100 tantum
1011 2035 1224 2098 forma
1269 2033 1586 2099 differant
1634 2046 1956 2122 quantum
1998 2029 2144 2111 ἦθος
2188 2033 2504 2121 postulet,
2542 2046 2607 2097 et
2649 2037 2948 2097 motuum

700 2159 1160 2248 unusquisque
1205 2158 1288 2223 ad
1324 2154 1470 2236 ἦθος
1500 2170 1692 2245 aptus
1724 2158 1839 2224 sit.
1872 2160 2084 2240 Quam
2125 2182 2266 2222 rem
2306 2182 2440 2221 non
2485 2156 2673 2244 parvi
2705 2156 2951 2220 laboris

706 2308 854 2349 esse
897 2284 1390 2375 intellegemus,
1427 2282 1627 2346 modo
1686 2282 2011 2348 nonnulla
2047 2285 2243 2348 verba
2276 2282 2673 2372 colligamus
2706 2272 2947 2370 quibus

710 2408 1139 2473 saltationum
1189 2408 1447 2495 species
1488 2432 1727 2500 graece
1767 2408 2233 2500 significentur
2267 2434 2281 2472 ε

799 2531 1073 2623 ἀμύμων
1103 2528 1425 2623 ὀρχηθμός
1455 2532 1669 2620 (Ilias,
1710 2533 2032 2620 Odyssea,
2067 2534 2335 2622 passim)
2361 2560 2376 2613 ;

798 2654 1137 2722 σπουδαῖαι
1175 2653 1474 2748 ὀρχήσεις
1514 2657 1950 2745 (AthenaeuS‚
2001 2659 2609 2750 Dezpnosophistqe,
2664 2656 2818 2738 629,
2865 2655 2954 2739 f);

798 2780 987 2847 καλαὶ
1023 2782 1129 2846 καὶ
1167 2778 1508 2870 ἐλευθέριοι
1545 2782 1821 2862 κινήσεις
1870 2783 2301 2869 (Athenaeus,
2343 2782 2953 2872 Dez'pnosophz'stae,

713 2907 867 2987 629,
912 2909 1019 2994 b);
2937 2899 2945 2905 ’

804 3030 1147 3122 ἐλευθέριοι
1175 3033 1449 3111 κινήσεις
1482 3032 1927 3121 (Aristotcles,
1959 3035 2267 3116 Politia-cz,
2302 3033 2366 3111 8,
2402 3034 2464 3110 5,
2499 3032 2605 3121 9);

803 3158 1065 3249 τραγικὴ
1098 3158 1325 3248 χορεία
1435 3157 1516 3222 de
1573 3170 1716 3224 arte
1764 3159 2050 3224 saltandi
2099 3159 2367 3236 dicitur,
2418 3156 2739 3221 scaenicis
2788 3153 2961 3218 ludis

804 3282 1055 3371 κωμικὴ
1088 3282 1314 3373 χορεία
1431 3259 1681 3371 aptata,
1757 3284 2013 3349 scilicet
2072 3283 2477 3376 tragoediae,
2554 3278 2957 3357 comoediae,

806 3406 1103 3496 σατυρικὴ
1127 3406 1353 3497 χορεία
2059 3421 2302 3497 satyro·

800 3748 856 3807 4.
893 3747 1274 3821 AthenaeuS‚
1306 3756 1871 3832 Deipnosopln'stae,
1910 3755 2008 3825 22,
2042 3757 2117 3814 bg

804 3843 862 3899 5.
897 3840 1278 3916 Herodotus,
1307 3847 1367 3915 6,
1405 3846 1539 3904 129.

802 3937 862 3993 6.
896 3936 1253 3996 nominatim
1309 3945 1371 3998 τὸ
1432 3940 1756 4011 διποδιᾶζειν
1787 3949 1833 4014 ⁸,
1896 3943 2064 4021 quod
2116 3944 2427 4023 σχημάτων
2487 3946 2794 4024 quoddam
2849 3957 2962 4003 est.

724 4025 1219 4107 Diligentissime
1263 4045 1464 4091 autem
1509 4034 1844 4093 discrimen
1889 4035 2233 4094 faciendum
2278 4049 2371 4096 est
2408 4037 2687 4119 σχήματος
2715 4059 2785 4097 ac
2826 4063 2970 4120 σχη-

728 4119 944 4196 ματίου.
977 4121 1069 4181 De
1111 4123 1423 4184 habituum
1471 4124 1776 4208 (σχήματα)
1813 4140 2030 4188 natura
2067 4128 2183 4188 hoc
2234 4130 2394 4190 libro
2434 4132 2583 4191 satis
2633 4132 2962 4211 disputavi.

729 4211 961 4273 Gallice
993 4215 1297 4296 σχήματιον
1326 4231 1421 4278 est
1455 4243 1468 4277 ε
1503 4239 1614 4278 Pas
1647 4222 1750 4297 [DE
1781 4220 2031 4302 nausa}

805 4326 858 4364 a.
897 4306 989 4366 Cf.
1034 4309 1272 4382 διποὸία,
1314 4313 1479 4391 apud
1518 4313 1835 4374 Pollucem
1879 4314 2344 4395 (Onomasticon,
2388 4319 2449 4390 4,
2497 4319 2628 4399 101)
2668 4342 2679 4376 ε
2726 4319 2961 4390 διποδία,

730 4398 957 4481 ὅρχημα
984 4404 1312 4465 λακωνικόν.
