3609 5625
1282 1184 2104 1354 Appendix

1376 1953 1581 2034 Quid
1631 1954 1741 2020 sit
1790 1945 2000 2027 δεῖξις.

644 2398 717 2458 In
758 2395 1102 2460 Plutarchi
1143 2395 1643 2462 Convivialibus
1683 2396 2125 2460 Problematis
2174 2395 2261 2483 (9,
2301 2397 2430 2481 15),
2477 2395 2559 2458 de
2600 2395 2798 2459 salta-

551 2520 737 2583 tione
775 2521 1105 2609 scriptum
1154 2533 1256 2585 est
1292 2545 1305 2583 ε

639 2640 735 2710 ὅτι
782 2644 925 2735 τρία
967 2645 1123 2736 μέρη
1163 2646 1276 2723 τῆς
1322 2640 1675 2738 ὀρχήσεως,
1719 2648 1878 2737 φορὰ
1919 2646 2025 2711 καὶ
2067 2647 2302 2738 σχῆμα
2341 2646 2448 2711 καὶ
2486 2639 2787 2732 δεῖξις,...

637 2770 825 2861 φορὰς
866 2770 976 2861 μὲν
1009 2764 1117 2835 οὖν
1147 2771 1253 2843 τὰς
1289 2771 1567 2850 κινήσεις
1606 2766 2131 2862 ὀνομάζουσι,....

636 2894 703 2960 τὸ
738 2895 849 2985 μὲν
889 2895 1122 2988 σχῆμα
1163 2894 1506 2985 μιμητικόν
1539 2891 1671 2959 ἐστι
1706 2898 1948 2989 μορφῆς
1975 2896 2082 2960 καὶ
2121 2892 2309 2977 ὶδέας,

628 3019 697 3083 τὸ
750 3015 817 3082 δὲ
863 3019 1091 3110 τρίτον,
1136 3015 1177 3096 ἡ
1226 3014 1438 3099 δεῖξις,
1494 3014 1564 3083 οὑ
1621 3019 1963 3110 μιμητικόν
2013 3016 2179 3085 ἐστιν
2225 3017 2392 3083 ἀλλὰ
2440 3016 2789 3100 δηλωτικὸν

539 3141 794 3223 ἀληθῶς
847 3146 973 3209 τῶν
1036 3139 1485 3234 ὑποκειμένων,
1503 3195 1669 3211 ......
1731 3148 1867 3217 ταῖς
1923 3141 1990 3208 δὲ
2056 3138 2288 3220 δείξεσι
2343 3144 2573 3234 κυρίως
2629 3138 2789 3209 αὐτοὶ

544 3266 812 3347 δηλοῦσι
848 3269 925 3333 τὰ
959 3269 1319 3361 πράγματα,
1363 3268 1478 3347 τὴν
1526 3269 1672 3360 γῆν,
1717 3269 1821 3333 τὸν
1860 3263 2141 3360 οὐρανὸν,
2187 3263 2408 3341 αὐτοὺς
2444 3266 2585 3343 τοὺς
2621 3267 2784 3348 πλή-

542 3416 676 3457 σιον
712 3421 727 3434 ·
773 3390 807 3459 ὅ
832 3388 1003 3470 τάξει
1039 3394 1166 3458 τινὶ
1203 3394 1309 3458 καὶ
1353 3390 1597 3485 ἀριθμῷ
1640 3393 1970 3485 γινόμενον
2011 3391 2171 3457 ἔοικε
2209 3397 2338 3467 τοῖς
2380 3390 2443 3457 ἐν
2484 3400 2779 3484 ποιητικῇ

540 3518 777 3609 κυρίοις
805 3514 1068 3609 ὀνόμασι
1102 3518 1258 3609 μετά
1284 3542 1447 3591 τινος
1473 3518 1714 3609 κόσμου
1745 3520 1852 3583 καὶ
1887 3517 2208 3599 λειότητος
2238 3515 2780 3611 ἐκφερομένοις...

634 3643 795 3707 Inde
854 3640 1036 3731 paiet
1093 3636 1284 3718 δεῖξιν
1325 3641 1573 3706 nullam
1635 3643 2072 3707 imitationem
2129 3667 2299 3722 esse,
2349 3643 2466 3707 sed
2525 3658 2783 3735 gestum

539 3767 869 3856 quendam
911 3790 1043 3855 quo
1084 3766 1359 3831 saltator
1397 3791 1503 3831 res
1544 3791 1947 3855 personasve
1990 3781 2195 3831 notat.

629 3894 903 3957 Constat
945 3904 1162 3956 autem
1200 3891 1638 3955 Plutarchum
1670 3892 1799 3955 hoe
1833 3891 1979 3956 loco
2012 3892 2345 3956 disserere
2380 3893 2461 3957 de
2487 3895 2786 3975 Romano

537 4017 975 4105 pantomimo,
1022 4017 1088 4079 in
1150 4040 1278 4104 quo
1338 4015 1443 4079 lex
1497 4029 1724 4105 gestus
1777 4015 1974 4105 longe
2031 4016 2259 4105 dispar
2319 4030 2421 4081 est
2479 4018 2787 4106 antiquae

543 4140 1029 4204 chironomiae.
1095 4140 1338 4204 Mimus
1419 4139 1629 4217 enim,
1703 4152 1775 4203 ut
1859 4152 2114 4219 mutuS‚
2186 4140 2267 4203 ad
2353 4141 2787 4205 subtilitatem

542 4278 805 4360 gestum
863 4265 1027 4329 adeo
1088 4264 1273 4329 ducit
1328 4277 1421 4341 ut,
1474 4263 1616 4327 sine
1668 4287 1830 4328 voce
1885 4277 1948 4326 et
2004 4276 2261 4327 tantum
2323 4265 2604 4352 agendO,
2651 4291 2784 4330 non

544 4389 757 4453 solum
800 4401 965 4477 quot
1005 4389 1209 4452 animi
1251 4400 1468 4451 motus
1506 4389 1638 4452 sint
1677 4400 1777 4452 tot
1820 4387 2345 4480 significationes
2387 4403 2451 4452 et
2491 4414 2786 4454 eommu-

2474 4506 2507 4559 7
