3609 5625
1540 700 1824 755 —9‘—

580 860 936 937 sententia,
982 859 1311 945 imprimis
1343 857 1431 922 ali
1461 881 1659 946 posse
1689 857 1995 945 corporis
2033 856 2205 920 vires
2245 854 2380 918 illis
2410 852 2827 917 exercitatio-

574 986 771 1049 nibus
813 1009 847 1048 e
880 983 1127 1073 quibus
1153 979 1489 1048 πένταθλον
1529 982 1880 1047 constabat
1897 983 1966 1044 ²⁰.
2011 978 2351 1045 Pentathli
2391 962 2610 1042 autem
2649 974 2824 1041 ludis

575 1109 912 1174 adduntur
941 1107 1287 1198 pugilatus
1328 1121 1393 1173 et
1444 1107 1865 1196 pancratium
1907 1101 1969 1194 (ἡ
2009 1106 2255 1196 πυγμὴ,
2311 1103 2380 1167 τὸ
2423 1102 2822 1193 παγκράτιον)

578 1258 747 1322 quae
789 1247 945 1298 sunt
982 1232 1366 1298 luctationis
1422 1231 1627 1308 modi,
1684 1255 1909 1322 pugna
1960 1254 2127 1320 quae
2172 1229 2246 1293 fit
2295 1228 2495 1292 armis
2546 1224 2606 1315 (ἡ
2648 1223 2826 1291 ὁπλο·

585 1359 840 1451 μοιχία),
887 1383 991 1423 ars
1044 1357 1392 1447 equitandi
1438 1353 1498 1445 (ἦ
1561 1356 1830 1442 ἱππική).
1879 1356 2168 1421 Additur
2216 1377 2479 1444 quoque
2537 1377 2642 1417 ars
2700 1352 2828 1415 sal-

579 1484 787 1548 tandi.

669 1608 868 1696 Apud
901 1608 1247 1673 Platonem
1285 1606 1460 1670 enim
1492 1605 1776 1697 legimus
1807 1630 1959 1671 cum
1988 1604 2465 1696 gymnasticam
2505 1616 2710 1667 artem
2753 1625 2832 1664 ex

581 1733 897 1798 omnibus
937 1733 1023 1797 iis
1063 1732 1319 1796 artibus
1350 1743 1657 1795 constare
1688 1754 1859 1819 quae
1898 1731 1980 1794 ad
2019 1753 2263 1819 corpus
2303 1727 2828 1793 confirmandum

581 1872 693 1923 aut
728 1856 1190 1922 exornandum
1232 1868 1561 1944 spectent,
1602 1868 1744 1919 tum
1776 1857 2095 1920 musicam
2138 1855 2430 1919 animum
2462 1852 2720 1945 fingere
2749 1853 2825 1928 21;

581 1982 744 2046 duas
777 1994 997 2047 autem
1030 2005 1174 2046 esse
1206 1993 1432 2069 partes
1465 1981 1918 2073 gymnasticae
1941 1981 2126 2058 artiS,
2164 1979 2582 2043 saltationem
2614 1990 2679 2041 et
2699 1977 2831 2040 luc-

581 2109 904 2173 tationem
953 2107 1023 2188 ²²,
1073 2130 1351 2194 quarum
1388 2117 1671 2195 utraque
1720 2104 1956 2170 eodem
2015 2105 2370 2193 pertineat,
2434 2101 2690 2167 scilicet
2750 2099 2832 2163 ad

585 2230 926 2324 augendas
963 2231 1175 2309 vires3
1211 2242 1307 2306 ut,
1352 2254 1635 2318 corpore
1664 2231 1959 2320 vigente,
1993 2229 2251 2294 habitet
2290 2228 2547 2292 animus
2600 2225 2715 2289 ubi
2764 2247 2831 2286 se

588 2381 719 2422 non
755 2356 926 2421 male
968 2356 1244 2434 habeat3
1302 2356 1621 2420 musicam
1673 2355 1972 2444 quidem,
2017 2355 2071 2419 si
2116 2352 2509 2442 disciplinae
2557 2349 2834 2439 puerilis

588 2506 742 2571 pars
792 2480 1030 2545 melior
1095 2481 1182 2544 sit
1227 2481 1296 2557 ²³,
1353 2481 1669 2570 quoniam
1720 2480 2107 2546 discernere
2147 2493 2213 2544 et
2264 2478 2547 2568 diligere
2603 2499 2830 2541 verum

586 2609 976 2695 bonumque
1025 2630 1269 2695 pueros
1332 2606 1597 2682 doceat,
1654 2630 1889 2694 parum
1950 2618 2172 2670 tamen
2229 2604 2447 2668 valere
2506 2602 2635 2665 nisi
2694 2613 2833 2665 arte

586 2733 1005 2822 gymnastica
1069 2730 1393 2820 adjutrice
1442 2743 1667 2795 utatur
1706 2732 1789 2812 ²⁴3
1835 2731 2078 2821 quibus
2136 2729 2343 2820 igitur
2406 2729 2474 2791 in
2542 2726 2829 2804 artibus,

586 2882 736 2922 cum
783 2871 927 2923 arta
965 2857 1365 2948 cognatione
1406 2858 1582 2921 inter
1635 2881 1705 2921 se
1758 2856 2253 2931 contineantur,
2299 2878 2543 2943 pueros
2581 2852 2835 2941 pariter

588 3007 735 3048 esse
800 2982 1193 3060 versandOS‚
1280 2995 1378 3062 ut,
1459 2983 1747 3046 musicae
1827 2981 2202 3070 praeceptis
2267 2977 2835 3070 gymnasticisque

590 3106 1183 3172 exercitationibus
1260 3105 1695 3186 conformati,
1765 3106 2061 3195 perfecte
2124 3105 2459 3194 sapientes
2517 3103 2833 3180 evadant3

591 3231 986 3320 sapientiam
1054 3231 1232 3294 enim
1300 3255 1414 3295 eos
1499 3231 1712 3295 solum
1797 3242 2274 3294 consecuturos
2342 3252 2487 3292 esse
2557 3251 2838 3316 quorum

594 3357 853 3420 animus
901 3378 1280 3445 corpusque
1339 3355 1516 3420 inter
1568 3379 1638 3419 se
1688 3354 1778 3419 ita
1827 3355 2186 3419 concinant
2232 3366 2327 3429 ut,
2373 3376 2522 3418 cum
2580 3376 2765 3415 mens
2804 3375 2839 3415 e

676 3753 775 3810 20.
825 3751 1022 3810 Erant
1048 3793 1053 3795 Α
1078 3763 1276 3811 autem
1336 3772 1546 3809 cursus
1595 3751 1643 3830 (ὁ
1694 3750 1950 3832 δρόμος),
1989 3755 2182 3809 saltus
2230 3749 2310 3829 (τὸ
2351 3749 2555 3829 ἅλμα),
2600 3750 2841 3807 luctatio

597 3845 652 3924 (ἡ
685 3846 893 3923 πάλη),
924 3848 1080 3903 disci
1094 3848 1301 3918 jactus
1336 3845 1382 3924 (ὃ
1413 3844 1645 3924 δίσκος),
1662 3847 1868 3918 jaculi
1896 3848 2171 3902 tractatio
2205 3842 2284 3923 (τὸ
2316 3840 2609 3922 ἀκόντιον).

676 3939 774 4000 21.
813 3936 878 3998 τὰ
917 3938 1021 3999 ὅσα
1045 3938 1171 4020 περὶ
1198 3946 1261 3999 τὸ
1294 3943 1454 4018 σῶμα
1484 3942 1875 4019 γυμναστικῆς,
1907 3947 1976 3998 τᾶ
2004 3935 2329 4020 δἐὐψυχίας
2360 3936 2519 4019 χάριν
2550 3945 2839 4015 μουσικῆς.

593 4031 798 4103 Plato,
834 4037 1048 4110 LegeS,
1081 4034 1217 4103 795,
1251 4034 1312 4090 d.

674 4126 774 4182 22.
809 4123 875 4184 τὰ
906 4122 961 4184 δὲ
994 4135 1378 4206 γυμναστικῆς
1406 4124 1521 4197 δύο,
1555 4123 1616 4184 τό
1645 4122 1745 4204 μὲν
1776 4125 2030 4208 ὄρχησις,
2063 4132 2125 4183 τὸ
2151 4122 2207 4183 δὲ
2235 4124 2407 4195 πάλη.
2442 4123 2697 4182 Ibidem.

678 4219 777 4277 23.
815 4219 1122 4301 κυριωτάτη
1155 4222 1210 4278 ἐν
1247 4224 1487 4301 μουσικῇ
1514 4219 1702 4300 τροφή.
1739 4218 1942 4288 Plato,
1974 4223 2186 4295 Lege-3,
2220 4219 2359 4288 401,
2392 4218 2454 4274 d.

675 4312 774 4369 24.
810 4310 955 4391 μετὰ
987 4311 1051 4384 δὴ
1099 4311 1364 4391 μουσικὴν
1394 4316 1748 4393 γυμναστικῇ
1780 4310 2027 4395 θρεπτέοι
2057 4313 2107 4370 οἱ
2135 4309 2365 4370 νεανίαι.
2397 4309 2599 4380 Plato,
2632 4314 2843 4387 LegeS,

597 4406 738 4475 403,
754 4425 818 4476 c;
844 4439 922 4449 —
944 4396 1011 4486 ἷιρ
1027 4402 1044 4424 ’
1064 4397 1156 4466 οῧν
1177 4411 1211 4478 ἡ
1241 4405 1502 4486 βελτίστη
1526 4405 1871 4485 γυμναστικὴ
1893 4402 2101 4484 ἀδελφή
2123 4429 2201 4473 τις
2225 4402 2287 4463 ἃν
2314 4405 2404 4482 εἴη
2438 4408 2531 4475 τῆς
2560 4408 2840 4484 μουσικῆς.

600 4499 858 4557 Ibidem.
