3609 5625
1492 689 1812 747 „81-

526 845 655 909 orti
698 844 833 909 sint
875 845 1069 910 multi
1111 846 1438 912 saltatorii
1485 849 1776 913 habitus,
1827 851 1973 932 Quo
2032 850 2101 915 in
2142 875 2418 918 numero
2467 855 2774 947 σχήματα

534 983 689 1034 sunt
728 984 957 1061 gestus
998 971 1319 1060 quosdam
1351 972 1680 1038 imitantia
1720 998 1890 1063 quos
1921 998 2118 1064 saepe
2171 1000 2245 1041 ac
2278 977 2576 1044 studiose
2612 982 2773 1045 arti-

542 1093 701 1159 fices
731 1094 1165 1186 effingebant,
1208 1108 1282 1160 ut
1325 1097 1420 1160 :²⁵
1466 1132 1471 1138 ·

624 1218 862 1283 Gestus
919 1243 1047 1309 quo
1113 1235 1319 1309 eaput
1367 1236 1757 1311 pectusque,
1830 1209 1966 1289 velo
2024 1223 2310 1306 diducto,
2349 1226 2595 1313 pudice
2649 1253 2775 1292 nu-

532 1346 819 1426 dantur,·

627 1468 862 1534 Gestus
892 1493 1018 1557 quo
1049 1474 1230 1533 omni
1258 1470 1617 1537 velamento
1647 1474 1980 1561 spoliatur
2007 1497 2287 1560 eorpus,·
2340 1543 2349 1546 ,

628 1594 866 1660 Gestus
896 1618 1022 1683 quo
1061 1599 1308 1675 tunica,
1336 1597 1666 1660 alterutra
1698 1575 1904 1661 mauu
1937 1613 2058 1661 aut
2087 1600 2408 1663 ambobus
2439 1601 2770 1684 manibus,

533 1720 919 1799 adducitur,
963 1724 1394 1808 succingitur.

623 1969 786 2033 Inde
855 1983 1156 2059 apparet,
1227 1994 1375 2034 cum
1443 1971 1767 2036 saltatorii
1803 2025 1811 2031 .
1851 1972 2119 2037 habitus
2205 1995 2451 2061 propre
2534 1970 2778 2035 infiniti

537 2117 815 2160 numero
875 2095 1033 2172 sint,
1082 2119 1407 2159 summam
1448 2095 1711 2160 laudem
1765 2110 2278 2161 consecuturum
2331 2121 2475 2162 esse
2534 2095 2779 2186 magis-

532 2233 708 2285 trum
741 2220 1053 2301 saltandi,
1089 2223 1147 2286 si
1177 2222 1487 2313 σχήματα.
1515 2220 1667 2285 edat
1697 2244 1833 2285 non
1868 2233 2003 2285 tam
2044 2222 2249 2287 multa
2290 2247 2486 2311 quam
2537 2222 2776 2286 selecta

535 2348 749 2425 bene3
796 2346 852 2410 si
882 2345 1114 2411 eadem
1147 2345 1229 2410 ad
1257 2345 1517 2410 virilem
1559 2359 1670 2410 aut
1709 2344 2104 2410 muliebrem
2156 2371 2384 2411 sexum
2426 2345 2472 2381 ²⁶
2517 2369 2777 2411 accom-

536 2470 763 2535 modet
793 2484 860 2535 et
900 2470 983 2535 ad
1014 2469 1426 2535 diversarum
1467 2469 1893 2535 saltationum
1922 2465 2070 2548 ἦθος
2099 2470 2345 2535 flectat.

624 2597 907 2661 Habitus
949 2596 1150 2674 enim,
1201 2595 1375 2660 sicut
1423 2608 1666 2670 motus,
1715 2594 2030 2683 quoniam
2082 2596 2385 2660 saltatori
2422 2595 2778 2684 praecipue

536 2722 957 2812 propositum
988 2734 1091 2786 est
1114 2734 1189 2785 ut
1220 2734 1492 2785 naturae
1532 2719 1648 2784 fiat
1688 2719 2013 2800 aemulus,
2057 2720 2145 2785 ita
2187 2721 2255 2784 in
2288 2743 2618 2809 quamque
2655 2720 2781 2784 sal-

531 2851 853 2914 tationem
904 2845 1264 2913 convenire
1312 2845 1561 2910 debent
1599 2858 1694 2923 ut,
1748 2846 1818 2908 in
1866 2869 2050 2910 sacra
2096 2844 2268 2911 etin
2309 2845 2561 2935 tragica
2611 2845 2780 2911 libe-

532 2974 731 3052 rales,
777 2974 1034 3037 seroces
1083 2973 1148 3036 iu
1201 2983 1475 3043 armata,
1516 2969 1783 3034 ridiculi
1816 2970 1883 3032 in
1934 2971 2210 3049 comica,
2261 2970 2489 3035 lascivi
2530 2970 2598 3035 in
2637 2971 2779 3059 pri-

533 3112 703 3177 vata,
739 3099 808 3162 in
841 3097 1119 3162 fanatica
1160 3093 1491 3160 inconditi
1523 3108 1675 3159 ante
1697 3094 1927 3159 oculos
1952 3095 2390 3183 spectantium
2415 3095 2773 3161 emineant.

536 3230 754 3313 Atque
786 3224 984 3308 etiam
1025 3245 1305 3314 graecus
1337 3220 1611 3285 saltator
1650 3243 1733 3284 ne
1774 3221 2066 3284 obscena
2097 3219 2366 3307 quidem
2420 3235 2683 3286 recusat
2725 3223 2781 3285 si

539 3349 893 3438 quicquam
936 3348 1209 3434 Satyros
1247 3343 1350 3408 vel
1386 3343 1551 3408 alios
1596 3343 1844 3407 Bacchi
1891 3343 2172 3408 famulos
2217 3343 2534 3408 imitatur.
2579 3346 2780 3410 Nam-

540 3497 666 3563 que
710 3474 838 3536 hoc
886 3472 956 3536 in
1009 3493 1188 3534 more
1231 3481 1298 3533 et
1336 3468 1642 3532 instituto
1690 3467 1983 3556 positum
2034 3480 2135 3532 est
2178 3467 2526 3532 saltatores
2574 3470 2779 3534 comi-

537 3622 650 3663 cos
680 3622 756 3662 ac
786 3596 1134 3685 satyricoS,
1166 3632 1257 3644 -—
1284 3617 1433 3658 cum
1475 3590 1818 3656 comoedia
1859 3604 1925 3656 et
1967 3605 2338 3680 satyrorum
2371 3592 2591 3658 fabula
2622 3596 2779 3660 bac·

536 3723 745 3789 chicis
788 3746 822 3786 e
863 3721 1103 3786 ritibus
1152 3718 1482 3810 originem
1533 3716 1903 3795 traherent,
1946 3754 2036 3767 --
2082 3740 2213 3780 non
2258 3717 2453 3782 modo
2502 3718 2780 3785 liberius

536 3849 655 3915 sed
713 3845 1025 3913 licentius
1083 3842 1355 3907 moveri.
1414 3843 1636 3922 QuoS,
1686 3841 2000 3929 quoniam
2061 3841 2364 3928 exemplo
2415 3842 2498 3907 ad
2551 3857 2778 3934 stupra

536 3986 944 4064 spectatores
977 3968 1365 4047 sollicitant,
1399 3965 1733 4054 improbat
1780 3965 1996 4029 Plato.
2037 3964 2170 4030 Sed
2204 3965 2448 4030 frustra
2481 3991 2635 4033 suos
2670 3971 2779 4037 hic

617 4362 714 4420 25.
749 4361 845 4420 Cf.
880 4366 1080 4434 Essai,
1112 4363 1212 4432 43,
1246 4362 1347 4433 44,
1378 4381 1503 4440 sq.·.

621 4456 718 4516 26.
754 4455 982 4538 [σχῆμα
1011 4454 1272 4538 ἀνδρῶν],
1310 4464 1508 4537 σχῆμα
1535 4454 1811 4533 γυναικῶν
1846 4449 2069 4530 (ΡῙειῑο,
2104 4455 2313 4528 Leges,
2347 4451 2488 4519 669,
2522 4447 2599 4528 c).

2474 4558 2505 4610 6
