3609 5625
1790 674 2110 732 -78-

825 830 1212 914 consociati,
1250 843 1447 919 atquo
1478 853 1789 920 graecam
1829 832 2251 897 saltationem
2282 843 2420 895 tum
2449 833 2902 923 γυμναστικὴν,
2936 847 3077 900 tum

828 956 1179 1049 μιμητικὴν
1229 956 1587 1019 exstitisse.
1640 957 1865 1021 Motus
1913 970 2147 1022 contra
2195 968 2262 1021 et
2309 953 2580 1019 habitus
2631 951 2869 1048 (φοραί,
2911 960 3081 1051 σχή-

828 1082 1043 1173 ματα),
1086 1094 1159 1145 ut
1191 1082 1328 1168 jam
1369 1103 1570 1168 supra
1610 1079 1749 1144 dixi
1771 1079 1847 1156 ²¹,
1899 1104 2093 1170 quam
2149 1080 2480 1145 artissime
2519 1081 2695 1145 inter
2733 1104 2803 1145 se
2848 1083 3081 1148 cohae-

826 1206 1087 1280 rebant,
1141 1228 1264 1269 neo
1321 1204 1456 1269 ulla
1516 1204 1780 1269 saltatio
1835 1205 2207 1270 habebatur
2263 1223 2409 1270 esse
2468 1205 2769 1271 absoluta
2818 1207 2949 1271 nisi
2996 1207 3080 1272 ad

829 1330 1082 1393 animos
1116 1328 1312 1393 simul
1343 1342 1540 1417 atque
1570 1329 1801 1394 oeulos
1833 1329 2319 1395 admoveretur.

1714 1949 2202 2113 XVIII

1448 2421 1685 2486 Unde
1717 2415 2027 2508 σχήματα
2063 2418 2458 2500 originem

1316 2580 1657 2645 trahant
1694 2580 1780 2644 et
1817 2593 2060 2659 quam
2097 2581 2355 2646 multa
2393 2580 2580 2645 sint.

918 2955 1158 3050 Omnia
1224 2983 1505 3048 saltator
1566 2982 1939 3047 imitatione
2007 2983 2439 3072 consequitur
2478 2983 2551 3048 ²³.
2611 2984 2803 3050 Unde
2866 2985 2940 3049 fit
3004 2998 3078 3050 ut

830 3114 1137 3204 σχήματα
1189 3109 1405 3173 omnis
1457 3108 1593 3173 sint
1645 3108 1917 3197 generis
1966 3120 2032 3172 et
2080 3130 2360 3172 numero
2406 3107 2687 3173 infinita.
2740 3110 3078 3176 Mutuatur

831 3227 1007 3292 enim
1064 3226 1372 3318 σχήματα
1430 3223 1705 3288 saltator
1760 3246 1795 3287 a
1845 3223 2180 3288 communi
2238 3236 2457 3314 gestu,
2517 3247 2713 3312 quem
2770 3224 3080 3290 utilitatis

830 3375 985 3417 suae
1025 3371 1220 3415 eausa
1259 3360 1612 3436 temperat,
1655 3361 2006 3413 venustum
2052 3347 2267 3437 fingit,
2317 3347 2578 3412 reducit
2617 3347 2699 3412 ad
2737 3372 3074 3431 numeroS,

832 3476 914 3542 ad
953 3474 1302 3541 arbitrium
1342 3496 1532 3536 suum
1574 3471 1767 3535 aliter
1806 3484 2004 3560 atque
2043 3472 2238 3536 aliter
2275 3473 2496 3548 vertit,
2543 3497 2619 3537 ea
2666 3486 2886 3539 tamen
2925 3500 3077 3541 con·

834 3603 1095 3668 dicione
1137 3611 1209 3663 ut
1248 3619 1583 3685 nunquam
1622 3619 1756 3660 non
1796 3597 2303 3685 cognoscendus
2345 3597 2432 3661 sit
2471 3598 2760 3663 habitus.

924 3728 1246 3791 Gestuum
1297 3702 1886 3785 usitatissimorum
1935 3721 2295 3786 nonnullos
2336 3723 2892 3806 commemorabo,
2936 3728 3075 3816 qui·

831 3857 956 3920 bus
990 3850 1300 3915 utebatur
1331 3845 1631 3924 saltator,
1666 3844 1818 3933 plus
1849 3845 2069 3910 minus
2103 3848 2368 3912 mutatis
2407 3872 2421 3911 :

909 4160 1008 4218 22.
1050 4162 1203 4222 Vide
1236 4182 1447 4243 supra,
1481 4162 1640 4224 Pars
1675 4165 1896 4243 prima,
1933 4166 1982 4224 1.

910 4254 1007 4314 23.
1047 4260 1345 4336 μιμήματα
1370 4256 1586 4338 τρόπων
1619 4258 1734 4318 ἐστὶ
1767 4257 1839 4318 τὰ
1871 4259 1996 4340 περὶ
2026 4258 2120 4328 τὰς
2149 4260 2395 4342 χορείας,
2434 4263 2490 4320 ἐν
2518 4258 2745 4341 πράξεσί
2782 4282 2839 4317 τε
2877 4278 3078 4316 παντο-

834 4348 1035 4415 δαπαῖς
1081 4350 1363 4431 γιγνόμενοι
1410 4350 1501 4411 καὶ
1550 4349 1739 4433 τύχαις
1785 4352 1879 4412 καὶ
1931 4353 2090 4426 ἤθεσι
2149 4353 2432 4433 μιμήμασι
2479 4352 2784 4422 διεξιόντων
2831 4350 3080 4411 ἑκάστων

834 4439 1064 4518 (Plato,
1092 4448 1305 4522 LegeS,
1339 4446 1478 4516 655,
1513 4443 1596 4524 d).
