3609 5625
1720 697 2005 735 -x—

844 842 976 905 Sed
1010 865 1091 904 ne
1133 845 1245 904 cui
1279 839 1627 928 legentium
1677 843 1920 902 mirum
1962 861 2101 901 esse
2141 838 2446 902 videatur
2484 861 2607 912 me,
2652 842 2720 901 in
2760 861 3001 926 quaes-

761 974 930 1032 tione
987 982 1168 1032 certa
1245 969 1555 1052 temporis
1630 966 2238 1050 circumscriptione
2300 962 2522 1048 finita,
2584 1001 2672 1012 —
2719 985 2866 1026 cum
2922 962 3002 1027 de

760 1093 970 1157 libera
987 1095 1217 1179 potius
1247 1114 1445 1179 quam
1479 1091 1558 1153 de
1593 1090 1918 1153 Romanis
1949 1086 2237 1151 obnoxia
2282 1086 2569 1151 Graecia
2608 1102 2879 1176 agatur,
2914 1125 3003 1138 -

759 1223 1154 1306 scriptorum
1205 1219 1575 1280 testimonia
1610 1215 1941 1302 proferre,
1988 1217 2107 1302 qui
2148 1236 2280 1276 non
2330 1213 2521 1276 modo
2563 1212 3002 1302 Augustianis

764 1366 987 1437 verum
1027 1346 1225 1407 etiam
1259 1341 1831 1405 Constantinianis
1872 1337 2273 1426 temporibus
2311 1338 2566 1436 litteris=
2577 1342 2842 1426 graecis
2874 1338 3000 1425 flo-

765 1472 1043 1547 ruerint,
1081 1489 1326 1556 quaeso
1358 1490 1400 1528 a
1440 1480 1519 1542 te,
1555 1468 1675 1553 qui
1708 1463 1883 1527 hunc
1932 1463 2219 1527 libellum
2262 1462 2549 1529 evolvere
2574 1468 2897 1551 patiaris,
2933 1478 3004 1526 ut

765 1592 931 1656 milti
964 1593 1078 1656 des
1122 1591 1295 1654 hane
1335 1595 1618 1665 veniam,
1661 1589 2231 1652 accommodatam
2273 1594 2618 1667 materiae,
2667 1604 2737 1651 ut
2780 1612 2999 1652 rerum

765 1717 1059 1781 ordinem
1099 1715 1504 1803 perturbare
1562 1714 1814 1778 videar.
1860 1713 2086 1800 Hujus
2136 1717 2305 1776 enim
2345 1713 2680 1776 scribendi
2722 1716 3003 1776 rationis

756 1841 984 1930 facilis
1040 1855 1136 1903 est
1182 1839 1516 1926 defensio‚·
1583 1861 1785 1926 quam
1830 1841 2070 1924 paucis
2105 1838 2507 1926 proloquar.
2540 1839 2716 1903 Nam
2768 1853 2838 1900 ut
2886 1861 3004 1900 ars

755 1967 1202 2053 gymnastica,
1249 1968 1559 2052 quoniam
1602 1986 1636 2026 c
1674 1968 1973 2049 corporis
1996 1964 2278 2027 motibus
2309 1978 2567 2027 constat
2592 1987 2674 2027 ne
2711 1968 3003 2027 innume·

762 2090 1085 2153 rabilibus
1161 2088 1419 2176 quidem
1501 2088 1618 2150 sed
1690 2103 1865 2151 certe
1927 2092 2210 2175 paucis,
2276 2088 2638 2175 paululum
2719 2104 3005 2175 tempore

763 2229 1091 2293 mutatur,
1179 2219 1275 2277 ita
1349 2238 1465 2275 ars
1529 2212 1850 2291 saltandi,
1916 2236 2118 2301 quae,
2189 2213 2496 2277 Platonis
2557 2218 2996 2288 auctoritate,

757 2343 1217 2427 gymnasticae
1258 2362 1433 2424 pars
1495 2352 1612 2413 est,
1693 2337 1921 2400 eadem
1979 2338 2125 2424 fere
2191 2339 2346 2426 ficit,
2428 2344 2490 2401 si
2560 2338 2999 2402 membrorum

767 2468 1268 2527 e.tet·c·itationes
1315 2477 1616 2548 spectas,
1672 2461 2121 2549 Xenophontis
2173 2477 2373 2551 atque
2433 2463 2705 2526 Libanii
2759 2478 3003 2550 tempo-

766 2589 968 2651 ribus.
1018 2588 1246 2675 Neque
1284 2587 1355 2649 id
1399 2590 1636 2649 mirum
1686 2607 1706 2647 .·
1751 2610 1907 2648 nam
1967 2590 2087 2675 qui
2117 2586 2274 2670 fieri
2311 2592 2524 2673 possit
2571 2603 2642 2650 ut
2688 2592 3005 2676 antiquus

765 2712 1051 2776 saltator
1088 2710 1306 2789 aliter,
1364 2710 1563 2774 aliter
1610 2715 1934 2773 recentior
1983 2726 2115 2773 tum
2149 2710 2442 2799 gradum
2476 2711 2714 2798 faciat,
2763 2727 2896 2775 tum
2937 2715 3000 2774 in

765 2842 1028 2925 vestigio
1100 2852 1245 2915 stet,
1321 2851 1454 2898 tum
1506 2836 1736 2922 pedem
1803 2851 1924 2899 aut
1988 2860 2258 2900 manum
2320 2838 2647 2925 proferat,
2713 2836 2998 2909 attollat,

764 2964 1082 3042 demittat,
1122 2978 1255 3025 tum
1292 2966 1587 3050 corporis
1617 2977 1794 3024 motu
1833 2985 2072 3048 prono,
2121 2962 2404 3051 obliquo,
2457 2967 2695 3050 supino
2746 2977 2997 3040 utatur,

767 3105 899 3152 tum
960 3092 1175 3175 jactet
1241 3101 1463 3175 caput,
1527 3110 1702 3149 nune
1768 3085 1984 3149 saltus
2031 3086 2159 3165 det,
2216 3110 2391 3149 nune
2445 3087 2574 3172 fiat
2613 3087 2802 3150 turbo
2826 3091 2861 3150 ε’)
2926 3088 3004 3152 Ut

766 3212 1064 3278 movendi
1100 3216 1423 3275 rationem
1465 3234 1593 3273 non
1642 3211 1853 3274 aliam
1901 3211 2181 3275 Periclis
2241 3212 2640 3299 temporibus
2681 3216 3007 3276 earstitisse

769 3354 966 3427 atque
1003 3352 1234 3400 nostra
1274 3336 1402 3400 lzae
1441 3351 1661 3401 aetate
1698 3336 1886 3400 haud
1920 3341 2242 3401 immerito
2281 3338 2551 3401 diceris.
2603 3338 2837 3427 Itaque
2874 3361 3005 3401 non

767 3462 979 3526 solum
1037 3463 1321 3525 Homero
1392 3464 1694 3548 proxime
1755 3461 2090 3542 Nonnum,
2152 3462 2497 3527 Aristoteli
2550 3462 3001 3541 Eustachium,

771 3586 1055 3673 exempli
1106 3610 1316 3648 causa
1359 3587 1586 3671 posui,
1641 3585 1759 3649 se'd
1803 3590 2004 3649 etiam
2056 3586 2222 3650 milti
2262 3592 2520 3676 sumpsi
2565 3602 2635 3650 ut
2685 3585 3008 3650 nonnulla

773 3711 993 3790 verba,
1031 3714 1483 3774 annotationis
1507 3714 1762 3797 gratia,
1792 3710 2039 3797 gallice
2067 3712 2429 3788 redderem,
2466 3736 2659 3800 quae,
2693 3716 3005 3801 quoniam

770 3834 959 3922 apud
994 3835 1268 3897 Latinos
1298 3833 1621 3898 vocabula
1654 3833 1950 3896 deessent
1979 3834 2218 3922 quibus
2256 3835 2482 3898 eadem
2505 3840 3003 3922 interpretarer,

771 3960 907 4025 alio
956 3960 1143 4023 modo
1191 3982 1319 4021 non
1361 3963 1720 4044 potuissem
1777 3972 2119 4037 e.rcute1·e,·
2172 3982 2291 4022 nec
2345 3959 2645 4024 dubitavi
2688 3959 3007 4049 quosdam

772 4088 1049 4152 alterius
1077 4083 1267 4148 Libri
1301 4085 1317 4116 ¹
1352 4082 1526 4146 locos
1566 4082 2008 4170 inspiciendos
2039 4084 2359 4164 indicare,
2408 4100 2478 4148 ut
2513 4085 2920 4150 Graecorum
2952 4102 3012 4151 et

850 4392 899 4441 1.
946 4409 1097 4444 essu
1150 4411 1251 4444 sun
1306 4394 1738 4455 L’oncnnannss
1795 4414 2064 4457 cneoque.
2116 4383 2305 4449 E'tude
2363 4394 2433 4449 de
2489 4412 2584 4448 ses
2640 4402 3014 4448 mouvements

777 4473 1010 4547 d'apres
1039 4475 1122 4530 les
1151 4478 1510 4532 Monuments
1540 4479 1801 4548 FigureS.
