3609 5625
1730 716 1829 727 -....
1872 683 2069 741 90...-

785 839 958 902 idem
1016 840 1248 932 σχῆμα
1302 840 1577 904 tendere
1625 865 1899 906 necesse
1950 855 2071 906 est.
2129 844 2311 923 Quos
2367 843 2704 907 confertos
2754 842 3018 931 quidem

786 964 902 1029 sed
953 978 1175 1029 tamen
1231 989 1366 1029 non
1416 965 1793 1053 implicatos
1843 990 1919 1030 ea
1979 967 2342 1032 necessitas
2390 967 2573 1036 nullo
2623 968 2819 1031 modo
2866 991 3023 1032 con-

790 1090 1063 1181 stringit
1120 1104 1190 1155 ut
1255 1115 1386 1155 una
1455 1091 1784 1179 simulque
1843 1116 2041 1156 unam
2102 1092 2520 1157 saltationem
2577 1104 2798 1181 agant.
2855 1094 3021 1157 Suas

794 1215 969 1279 enim
1015 1215 1252 1303 cuique
1310 1229 1533 1304 partes
1587 1216 1969 1281 describere
2036 1217 2224 1281 chori
2282 1218 2598 1307 magister
2641 1230 2885 1306 potest,
2949 1242 3022 1281 ea

793 1336 932 1400 sola
961 1337 1357 1401 condicione
1388 1351 1461 1402 ut
1490 1361 1720 1402 omnes
1752 1343 2050 1404 catervae
2091 1339 2438 1403 saltatores
2478 1339 2760 1403 eundem
2791 1363 3021 1403 nume-

793 1486 940 1526 rum
980 1475 1365 1549 sequantur.
1408 1463 1548 1544 Qua
1584 1463 1841 1528 ratione
1882 1463 2149 1542 saltare,
2185 1462 2438 1529 scilicet
2477 1463 2774 1529 diversos
2809 1477 3022 1529 motus

796 1600 862 1651 et
918 1587 1186 1650 habitus
1238 1588 1482 1678 (φοραί,
1537 1588 1870 1680 σχήματα)
1927 1588 2009 1653 ad
2067 1612 2270 1653 unum
2320 1612 2664 1654 numerum
2714 1589 3018 1666 reddere,

778 1711 956 1775 mihi
1005 1711 1316 1776 videntur
1367 1725 1505 1776 tres
1554 1714 1820 1778 Carcini
1852 1712 1972 1777 filii
2001 1712 2048 1748 ⁵⁹
2090 1713 2159 1777 in
2198 1714 2705 1802 Aristophaneis
2755 1714 3019 1802 Vespis.

795 1839 975 1918 Quos
1032 1837 1171 1901 veri
1229 1837 1443 1901 simile
1492 1851 1593 1902 est
1648 1838 1826 1902 inter
1875 1862 1943 1903 se
2001 1841 2188 1930 φορὰς
2247 1838 2338 1927 (et
2389 1840 2712 1933 σχήματα)
2763 1838 3022 1928 partiri,

793 1986 960 2050 quae
1013 1962 1297 2040 Chorus,
1345 1960 1762 2026 saltationem
1819 1975 2152 2050 spectanS‚
2196 1963 2495 2027 canendo
2540 1976 2890 2052 percenset
2918 1965 2962 1997 ⁶⁰
3008 1987 3020 2024 :

1246 2091 1253 2108 ‘
1323 2083 1735 2177 βεμὸικίζειν,

1316 2208 1542 2291 πηδᾶν,

1318 2335 1520 2429 ταχὺν
1557 2333 1718 2400 πόδα
1747 2333 1811 2401 ἐν
1839 2333 2049 2423 κύκλῳ
2089 2333 2317 2416 σοὸεἷν,

1321 2458 1728 2540 ἐκλακτίζειν,

1323 2587 1449 2653 ἄνω
1481 2585 1737 2663 σκέλος

1324 2710 1627 2803 στροὸεἷν,

1322 2836 1719 2931 παραὸαἰνειν
1757 2835 1994 2925 κύκλῳ,
2051 2885 2056 2892 -

1325 2962 1683 3057 γαστρίζειν
1720 2963 2002 3042 σεαυτόν,

1330 3091 1566 3184 ῥίπτεᾳν
1595 3086 1812 3162 σκέλος
1840 3083 2145 3179 οὐράνιον,

807 3241 974 3305 quae
1007 3241 1126 3281 suo
1160 3217 1304 3281 loco
1337 3217 1606 3280 fuerunt
1636 3213 1984 3301 explicata.

895 3343 1062 3406 Mihi
1093 3342 1361 3430 quidem
1403 3364 1539 3404 non
1578 3338 1854 3403 dubium
1901 3351 2022 3416 est,
2068 3361 2444 3426 quanquam
2483 3362 2590 3402 res
2631 3339 3036 3404 Graecorum

813 3468 1081 3557 scriptis
1122 3490 1350 3555 parum
1405 3464 1820 3552 explanatur,
1863 3465 2291 3557 συγχορευτὰς
2327 3463 2738 3552 saepissime,
2774 3466 3039 3531 Carcini

811 3592 1098 3656 filiorum
1161 3591 1392 3665 instar,
1454 3614 1609 3664 una,
1675 3589 1792 3653 sed
1856 3588 2147 3652 motibus
2206 3600 2272 3652 et
2334 3588 2671 3653 habitibus
2729 3589 3032 3662 diversis,

811 3716 1083 3794 saltare3
1110 3728 1183 3779 ut
1213 3738 1439 3778 eorum
1466 3713 1921 3802 unusquisque
1955 3736 2073 3775 suo
2107 3712 2433 3797 arbitratu
2459 3724 2547 3788 et,
2583 3726 2654 3777 ut
2675 3712 2763 3777 ita
2795 3714 3035 3790 dicam,

819 3864 940 3929 pro
970 3838 1146 3902 virili
1185 3851 1397 3926 parte,
1439 3837 1789 3926 tripudiet.
1818 3835 2015 3918 Quod
2056 3835 2378 3927 imagines
2419 3835 2483 3899 in
2517 3835 2832 3902 fictilibus
2870 3839 3045 3903 vasis

814 3965 1029 4054 pictae
1061 3961 1403 4027 declarant
1438 3976 1503 4026 et
1542 3960 1906 4052 anaglypti.

896 4364 991 4420 59.
1029 4382 1139 4420 ras
1177 4381 1254 4420 DE
1285 4380 1492 4420 rucis.

893 4457 989 4515 60.
1022 4475 1242 4515 versus
1273 4458 1446 4525 1515,
1481 4477 1607 4534 sq..
