3609 5625
1530 685 1727 742 .-.·23
1768 717 1849 727 .-

652 844 927 936 ἀερίζειν
947 848 993 881 ⁶⁶
1018 876 1111 903 =
1138 846 1575 938 σκιαμαχεῖνὶ)

652 967 1202 1064 ἀκροχειρίζεσθαι
1220 972 1288 1048 ⁶¹,
1321 975 1598 1035 summis
1649 986 1907 1048 tantum
1955 961 2598 1060 colluctar·i·'digiti3.
2637 973 2844 1053 Quae’

565 1097 742 1160 lucta
775 1095 1048 1185 proprie
1089 1092 1583 1189 ἀκροχειρισμὸς
1601 1093 1648 1130 ⁶⁷
1682 1095 1957 1160 dicitur.
2549 1100 2554 1108 ’
2669 1085 2674 1090 ’
2723 1085 2730 1090 ’
2833 1109 2842 1142 ¹

655 1222 967 1285 Luctator
994 1243 1153 1285 vero
1184 1221 1454 1285 brachia
1491 1221 1888 1285 contrahere
1928 1232 1995 1283 et
2034 1218 2302 1285 flectere
2344 1220 2537 1301 solet,
2572 1209 2818 1285 ‘neduffm

568 1345 902 1433 projiciat,
948 1346 1192 1433 quibus
1233 1344 1524 1409 medium
1564 1345 1903 1409 hominem
1945 1345 2241 1433 arripere
2273 1358 2340 1409 et
2369 1333 2847 1409 adversariurn'·

569 1470 1061 1560 constringere,
1126 1469 1449 1535 suffocare
1507 1470 1744 1559 possit.
1812 1469 2007 1551 Quod
2065 1493 2146 1534 ex
2201 1471 2306 1533 his
2355 1470 2576 1534 verbis
2636 1473 2846 1559 patet‘

568 1593 811 1681 quibus
851 1595 1250 1690 luctatorum
1292 1607 1509 1658 motus
1549 1593 1989 1684 designantur
2030 1619 2044 1656 ε

656 1713 949 1807 δράσσειν
969 1713 1037 1798 ⁶²,
1070 1739 1276 1782 manu
1307 1723 1631 1806 arripere.

653 1839 1004 1934 ἀγκονὶζειν
1024 1839 1094 1923 ⁶²,
1131 1843 1306 1907 ulnis
1336 1843 1664 1931 amplecti.

653 1963 1102 2058 ἀγκαλίζεσθαι
1120 1967 1256 2047 ⁶⁴¹⁶⁸,
1294 1968 1470 2031 ulnis
1500 1972 1822 2033 consertis
1853 1967 2120 2032 luctari.

651 2089 1142 2184 περιλαμὸάνειν
1163 2094 1231 2170 ⁶⁴,
1268 2092 1842 2181 comprehendere.

654 2213 1208 2309 συμπλέκεσθαι’“*,
1263 2218 1552 2306 implexa
1603 2219 2029 2283 brachiorum
2062 2221 2294 2307 jungi.
2348 2220 2447 2282 De
2496 2219 2815 2283 ambobus

567 2342 964 2408 adversariis
997 2339 1265 2407 dicitur.

654 2464 1113 2560 ἀναμίγνυσθαι
1127 2469 1195 2549 ⁶⁴,
1233 2468 1656 2532 brachiorum
1690 2474 1780 2549 [et
1808 2468 2143 2550 crurum?]
2171 2468 2617 2555 implicatione
2647 2492 2814 2533 com-

565 2598 850 2658 misceri.
877 2594 976 2657 De
1008 2593 1330 2657 ambobus
1363 2593 1783 2656 adversariis,

1354 3027 1704 3067 LATERUM
1770 3026 2024 3067 MoTUs

647 3290 933 3381 στρέφειν
954 3289 1022 3363 ⁶²,
1075 3310 1317 3374 corpus
1364 3287 1784 3350 dextrorsum
1847 3299 1968 3348 aut
2022 3288 2482 3349 sinistrorsum
2532 3302 2797 3352 vertere.

560 3419 658 3481 De
697 3414 1049 3479 luctatore.

646 3535 1019 3630 πλαγιάζειν
1040 3538 1108 3612 ⁶²,
1144 3537 1455 3601 humeros
1489 3536 1825 3625 obliquere
1844 3535 1911 3598 ⁶⁹.

648 3661 935 3755 λυγίζειν
956 3664 1024 3743 ⁶²,
1086 3662 1168 3726 de
1229 3661 1552 3726 luctatore
1619 3661 1865 3731 dicitur
1932 3660 2046 3749 qui
2113 3656 2417 3757 corporis
2474 3676 2668 3749 motu·
2709 3664 2810 3727 vel

637 4104 736 4161 66.
770 4101 1213 4172 Philostratus,
1246 4102 1321 4157 de
1347 4105 1489 4157 Arte
1524 4103 1937 4174 Gymnas-tica,
1971 4101 2077 4170 503
2106 4134 2185 4143 —-
2215 4072 2459 4170 Pollux,
2505 4102 2800 4157 Onomas-

560 4201 735 4268 ticon,
766 4196 827 4267 3,
864 4196 1000 4265 150,
1033 4194 1189 4253 Vide
1221 4212 1431 4273 supra,
1468 4193 1573 4253 IV.
2541 4212 2546 4219 ·

638 4293 738 4351 67.
774 4288 1107 4358 Lucianus‚
1141 4289 1549 4367 Lexipleanes,
1585 4289 1651 4360 53
1689 4322 1768 4332 —
1796 4287 2161 4358 PausaniaS,
2194 4288 2256 4357 6,
2287 4287 2346 4357 4,
2381 4286 2475 4344 12.

639 4386 739 4444 68.
774 4382 1022 4454 Pollux,
1063 4383 1503 4451 Onomasticon,
1536 4383 1596 4449 3,
1635 4382 1768 4440 149.

638 4481 736 4539 69.
772 4478 1054 4535 ἑΡΑΰιΕῐι
1074 4499 1090 4546 3
1126 4476 1200 4534 cf.
1237 4478 1417 4533 Essai
1440 4496 1546 4532 sur
1575 4476 2012 4553 l'Orcltestique
2038 4493 2314 4552 grecque,
2349 4475 2486 4532 150.
