3609 5625
1816 668 2134 727 ...94-

1292 829 1387 891 ῒὸὅ

849 834 996 898 loco
1042 851 1286 917 appare
1396 877 1411 903 ,
1457 850 1588 915 quo
1629 827 1929 892 Bacchus
1970 842 2036 892 et
2074 825 2406 923 ὀρχεῖσθαι
2443 847 2509 898 et
2543 835 2834 926 χορεύειν
2874 839 3096 908 decla-

851 972 1031 1024 ratur
1053 958 1148 1036 ⁶⁶.]

940 1166 1020 1228 ΙΙ.
1076 1167 1590 1253 praeceptorum
1650 1165 1817 1230 alter
1873 1163 2320 1259 (παιδοτρίὸης)
2382 1170 2450 1233 in
2517 1170 2842 1258 palaestra
2902 1182 2968 1233 et
3024 1170 3088 1231 in

847 1291 1195 1378 gymnasio
1227 1291 1584 1355 saltatoriis
1615 1291 1907 1356 motibus
1939 1291 2164 1383 (φοραί)
2200 1294 2396 1358 simul
2429 1308 2627 1382 atque
2656 1293 3091 1383 gymnasticis

849 1414 1037 1500 pueri
1097 1437 1335 1502 corpus
1395 1415 1560 1479 adeo
1609 1428 1872 1479 exercet
1929 1428 2000 1479 ut
2045 1416 2413 1504 discipulus
2471 1412 2813 1501 εὐκίνητος,
2872 1412 3076 1509 ὑγρὸς,

848 1533 1179 1630 εὔστροφος
1227 1539 1456 1604 evadat
1509 1551 1574 1603 et
1612 1540 1894 1604 idoneus
1936 1539 2049 1604 fiat
2097 1542 2212 1629 qui
2263 1542 2550 1606 saltandi
2589 1543 2910 1634 magistro
2953 1555 3091 1605 tra-

848 1664 1104 1729 dendus
1156 1665 1266 1728 sit.

937 1856 1050 1919 Ill.
1096 1856 1388 1919 Alterius
1421 1857 1727 1946 magistri
1758 1853 2471 1950 (ὀρχηστοδιδάσκαλος)
2508 1872 2731 1946 partes
2772 1873 2926 1924 sunt
2964 1859 3091 1923 sal-

848 1993 1126 2045 tatorem
1157 1981 1499 2047 habitibus
1540 1980 1893 2075 (σχήματα)
1929 1982 2313 2063 informare,
2353 1984 2595 2071 quibus
2625 1984 2751 2048 Ars
2787 1984 3089 2049 Saltandi

849 2107 1096 2170 eminet
1168 2106 1471 2169 absoluta
1537 2120 1602 2170 et
1668 2106 1869 2190 digna
1938 2105 2045 2184 fit,
2111 2120 2180 2171 ut
2240 2107 2538 2172 Platonis
2595 2111 2791 2173 verba
2850 2110 3087 2173 iterum

848 2231 1154 2308 reseram,
1219 2255 1387 2319 quae
1438 2232 1666 2295 Musae
1721 2230 2084 2315 dictionem
2142 2232 2440 2297 imitetur
2495 2235 2564 2312 ⁶⁷,
2610 2273 2699 2282 -—
2745 2246 2941 2321 atque
2999 2233 3086 2297 ita

848 2353 1247 2443 discipulum
1284 2356 1545 2419 erudire
1595 2367 1668 2419 ut
1710 2330 2256 2443 grauissimorum
2294 2358 2491 2421 etiam
2531 2357 3085 2445 philosophorum

846 2480 1351 2546 admirationem
1401 2494 1681 2544 moveat.
1737 2480 1991 2544 Edoeet
2040 2481 2218 2544 enim
2269 2505 2416 2546 eum
2456 2481 2626 2547 illud
2666 2483 3087 2547 saltationum

843 2601 1008 2685 ἦθος,
1058 2630 1189 2692 quo
1231 2603 1509 2684 adscito,
1547 2604 1821 2668 saltator
1849 2603 2185 2669 occultum
2226 2606 2522 2692 quemvis
2563 2606 2767 2670 animi
2806 2620 3082 2687 motum,

844 2731 1145 2820 corporis
1204 2731 1492 2793 motibus
1548 2743 1612 2793 et
1660 2730 2025 2808 habitibus,
2084 2728 2398 2817 declarat.
2453 2733 2618 2796 Nam
2677 2755 2812 2794 non
2867 2732 3086 2797 vultus

845 2857 1067 2936 mod0,
1123 2858 1238 2944 qui
1283 2880 1500 2919 sermo
1561 2855 1831 2942 quidam
1890 2856 2131 2919 tacitus
2193 2856 2435 2920 mentis
2494 2869 2617 2937 est,
2681 2857 2797 2921 sed
2854 2882 3086 2922 manus

846 3006 1109 3070 quoque
1177 2994 1242 3045 et
1285 2980 1482 3060 latuS,
1531 2993 1595 3043 et
1653 3003 1771 3068 pes
1832 2980 2054 3059 etiam,
2106 2979 2471 3068 loquuntur
2529 2982 3083 3069 quemadmodum

846 3108 1119 3172 saltator
1148 3105 1422 3169 affectus
1455 3105 1563 3168 sit.
1593 3105 1804 3185 Quem
1841 3104 1971 3167 nisi
1997 3116 2136 3167 tota
2164 3103 2469 3168 imitandi
2498 3106 2772 3169 scientia
2804 3106 3084 3171 instrue-

842 3246 980 3297 tum
1023 3230 1229 3296 Chori
1268 3228 1452 3294 aditu
1483 3227 1797 3316 prohibet
1829 3242 2228 3316 praeceptor
2264 3225 2863 3321 (χοροδιδάσκαλος),
2898 3234 3082 3318 cujus

845 3379 1171 3420 summum
1217 3378 1455 3418 munus
1506 3365 1607 3417 est
1660 3353 2139 3440 peritissimum
2199 3377 2528 3441 quemque
2577 3354 2956 3420 saltatorem
3015 3357 3081 3420 in

843 3481 1106 3572 Χορείαν
1149 3478 1536 3556 inducendi,
1587 3501 1779 3565 quae,
1831 3477 2080 3565 quippe
2134 3502 2281 3541 cum
2326 3478 2502 3543 inter
2550 3479 2837 3544 Musicas
2886 3482 3081 3546 Artes

842 3628 1238 3670 eonsensum
1270 3603 1596 3681 instituat,
1642 3626 1679 3664 a
1713 3601 1843 3665 diis
1885 3601 2267 3666 hominibus
2306 3625 2619 3667 concessa
2652 3616 2774 3684 est,
2820 3605 2874 3667 si
2915 3605 3080 3670 fides

845 3730 1105 3794 Platoni
1145 3740 1244 3791 est
1283 3725 1683 3791 adhibenda.

930 3941 1037 4004 IV.
1073 3940 1318 4030 Verum
1367 3938 1700 4035 perfectus
1759 3938 1873 4002 ille
1921 3934 2267 4032 ὀρχηστής,
2312 3917 2399 3992 4-
2444 3965 2555 4005 seu
2614 3940 2946 4032 χορευτής,
2991 3977 3080 3986 -

918 4267 1013 4323 65.
1048 4270 1308 4322 Deorum
1336 4267 1605 4342 Dialogi,
1643 4265 1740 4336 18,
1776 4267 1831 4322 1.

918 4361 1017 4417 66.
1058 4358 1151 4417 Cf.
1188 4356 1662 4436 Aristophanes,
1693 4363 1926 4433 Plutus,
1964 4359 2170 4418 760-1.

918 4454 1015 4510 67.
1051 4452 1253 4523 Plato,
1288 4458 1499 4529 Lege-S,
1537 4454 1671 4521 795,
1706 4472 1759 4509 e.
