3609 5625
1609 725 1886 781 -5-

625 897 784 950 sunt
806 887 850 963 ⁷,
900 885 1020 949 sed
1068 885 1292 959 etiam,
1338 884 1393 948 si
1442 883 1786 949 Plutarchi
1831 882 2021 960 fides,
2066 880 2466 970 quibusdam
2514 879 2881 944 intervallis

625 1008 727 1073 vel
772 1008 1283 1074 remissionibus
1323 1007 1749 1098 sejungendi,
1793 1019 1866 1071 ut
1903 1005 2428 1093 uniuscujusque
2467 1016 2683 1068 motus
2722 1002 2876 1067 finis

626 1134 1089 1222 spectantibus
1130 1135 1506 1222 appareat⁸.

720 1409 966 1475 Facilis
1032 1422 1133 1475 est
1199 1410 1499 1498 corporis
1567 1422 1866 1474 motuum
1943 1422 2008 1474 et
2090 1410 2435 1474 habituum
2508 1408 2875 1473 distinctio.

636 1534 902 1598 Etenim
942 1558 1093 1599 cum
1132 1548 1349 1599 motus
1387 1534 1616 1627 (φοραί)
1648 1533 1819 1598 nihil
1861 1526 1992 1598 nisi
2031 1536 2479 1599 membrorum
2516 1533 2884 1624 agilitatem

633 1659 1003 1735 declarant,
1050 1672 1191 1724 tum
1242 1659 1510 1723 habitus
1557 1660 1908 1751 (σχήματα)
1958 1660 2028 1723 in
2069 1683 2235 1748 quos
2281 1672 2499 1724 motus
2539 1657 2877 1734 desinunt,

634 1784 940 1872 corporis
981 1784 1461 1872 dispositiones
1502 1797 1659 1848 sunt
1706 1808 1874 1873 quae
1913 1808 2021 1848 res
2062 1783 2432 1848 imitatione
2473 1782 2877 1873 significant,

635 1921 705 1972 ut
736 1909 793 1973 si
826 1908 1102 1973 saltator
1139 1908 1473 1997 Apollinis
1520 1921 1632 1973 aut
1681 1908 1883 1974 Panis
1932 1922 2043 1974 aut
2082 1908 2361 1997 alicujus
2391 1908 2693 1973 Bacchae
2732 1931 2881 1996 spe-

630 2034 799 2096 ciem
844 2034 1118 2125 (σχῆμα)
1159 2034 1533 2122 exprimere
1565 2045 1868 2112 conetur,
1905 2033 2269 2097 immobilis
2302 2045 2619 2121 tanquam
2659 2033 2878 2120 pictus

631 2157 699 2220 in
738 2157 964 2221 tabula
984 2158 1031 2221 ⁹.
1081 2158 1229 2238 Quo
1277 2180 1624 2237 concesso,
1669 2170 2135 2247 argumentum
2185 2155 2557 2221 saltationis
2606 2141 2881 2220 saltator

630 2282 971 2345 habitibus
1030 2281 1336 2346 enucleat
1357 2285 1421 2361 ¹⁰,
1486 2306 1676 2372 qUOS,
1739 2280 2297 2370 quemadmodum
2355 2280 2487 2345 sibi
2543 2281 2759 2369 placet
2816 2293 2882 2345 et

633 2419 834 2494 prout
874 2406 1046 2472 actio
1088 2407 1425 2471 saltatoria
1459 2407 1821 2484 desiderat,
1859 2406 2026 2471 solet
2063 2407 2344 2470 variare.
2392 2408 2619 2495 Itaque
2660 2418 2878 2470 motus

631 2532 889 2624 (φοραί),
945 2532 1100 2621 quia
1165 2531 1336 2596 nihil
1402 2531 1750 2596 imitantur
1807 2555 1931 2596 nec
1986 2531 2375 2609 ostendunt,
2447 2527 2708 2618 pulchri
2769 2544 2881 2596 aut

632 2657 787 2722 mali
835 2681 982 2721 esse
1022 2680 1157 2721 non
1197 2656 1544 2736 dicuntur3
1588 2656 1857 2721 habitus
1899 2679 2054 2721 vero
2101 2655 2462 2748 (σχήματα)
2512 2655 2880 2720 laudabiles

629 2780 962 2848 habentur
991 2781 1096 2847 vel
1125 2793 1358 2872 turpes
1390 2778 1594 2869 (nala,
1632 2777 1919 2872 αἰσχρά),
1960 2782 2300 2870 quoniam,
2337 2794 2408 2846 ut
2438 2781 2625 2847 Plato
2656 2780 2874 2861 docet,

629 2908 1000 2971 imitatione
1037 2906 1311 2972 saltator
1343 2906 1830 2994 pulcherrimas
1863 2906 2108 2971 formas
2146 2904 2462 2998 effingere
2492 2919 2740 2994 potest,
2773 2908 2876 2973 vel

627 3032 1110 3097 deterrimas¹¹.
1167 3034 1304 3096 Hoc
1355 3055 1619 3121 quoque
1669 3032 1847 3095 inter
1900 3033 2090 3124 φορὰς
2137 3044 2201 3095 et
2248 3033 2558 3123 σχήματα
2598 3033 2880 3097 interest

629 3156 833 3246 quod,
897 3180 1046 3220 cum
1114 3156 1301 3249 φοραὶ
1368 3168 1600 3219 natura
1667 3169 1823 3219 sunt
1889 3155 2156 3244 fugaces
2222 3156 2520 3244 aliaeque
2588 3180 2669 3220 ex
2732 3156 2877 3221 aliis

718 3586 774 3643 7.
809 3588 1094 3666 ὀρχεῖσθαι
1148 3583 1321 3670 φορὰν
1367 3583 1516 3669 παρὰ
1565 3585 1749 3670 φοράν.
1794 3585 2190 3657 Plutarchus,
2239 3587 2581 3644 Convivalia
2629 3586 2876 3646 Proble-

637 3692 824 3748 mata,
858 3680 917 3748 9,
954 3681 1049 3736 15.

715 3774 774 3829 8.
813 3774 870 3832 αἱ
898 3770 1060 3850 μοναί
1087 3775 1189 3832 εἶσι
1217 3770 1424 3855 πέρατα
1448 3776 1558 3832 τῶν
1592 3776 1883 3852 κινήσεων.
1920 3772 2179 3833 Ibidem.

715 3869 774 3923 9.
810 3866 1145 3946 σχήματα...
1177 3865 1462 3947 σχέσεις...
1492 3869 1566 3934 εἷς
1594 3866 1657 3934 ἃς
1687 3871 1985 3951 φερόμεναι
2013 3868 2342 3927 τελευτῶσιν
2373 3869 2429 3926 αἱ
2459 3870 2726 3946 κινήσεις,
2749 3865 2877 3927 ὅταν

640 3959 966 4026 Λπόλλωνος
1004 3957 1039 4030 ἢ
1079 3964 1260 4027 Πᾶνος
1298 3959 1332 4032 ἤ
1376 3983 1518 4027 τινος
1555 3960 1789 4041 Βάκχης
1830 3971 2029 4043 σχῆμα
2066 3963 2330 4029 διαθέντες
2368 3960 2455 4020 ἐπὶ
2495 3967 2588 4020 τοῦ
2630 3957 2876 4038 σώματος

634 4056 917 4134 γραφικῶς
944 4057 1058 4118 τοῖς
1089 4055 1287 4113 εἴδεσιν
1314 4055 1629 4131 ἐπιμένωσι.
1664 4053 2057 4131 Plutarchus,
2096 4057 2439 4113 Convivalia
2467 4054 2872 4125 Problemata,

627 4148 687 4216 9,
725 4148 820 4206 15.

714 4241 808 4298 10.
858 4242 910 4316 [ὁ
958 4238 1252 4322 ὀρχηστὴς]
1304 4239 1391 4300 διά
1437 4244 1545 4300 τῶν
1602 4240 1903 4321 σχημάτων
1933 4241 2170 4302 παιδεύει
2213 4249 2305 4302 τὸν
2354 4239 2553 4314 θεατὴν
2599 4244 2772 4322 αἱρεῖν
2813 4240 2876 4301 τὸ

631 4342 883 4415 πρᾶγμα.
918 4333 1239 4402 LibaniuS,
1275 4331 1406 4416 ὑπὲρ
1436 4337 1543 4393 τῶν
1571 4337 1881 4416 ὀρχηστῶν,
1919 4336 2016 4393 24.

712 4429 809 4485 11.
861 4425 960 4500 τὴν
1019 4424 1271 4501 μὲν-τῶν
1324 4429 1645 4488 ’καλλιόνων
1697 4429 1971 4508 σωμάτων
2011 4428 2101 4489 ἐπὶ
2150 4438 2214 4489 τὸ
2287 4437 2485 4510 σεμνὸν
2528 4426 2871 4509 μιμουμένην

636 4521 937 4604 [ὄρχησιν],
962 4518 1058 4593 τὴν
1088 4519 1146 4581 δὲ
1175 4524 1280 4580 τῶν
1311 4524 1603 4603 αἰσχιόνων
1635 4520 1720 4581 ἐπὶ
1747 4530 1808 4582 τὸ
1837 4525 2057 4607 φαῦλον.
2093 4523 2292 4594 Plato,
2325 4529 2536 4601 Lege-3,
2563 4524 2703 4597 814,
2737 4543 2791 4583 e.
