<?xml version="1.0" encoding="UTF-8"?>
<!DOCTYPE html PUBLIC "-//W3C//DTD XHTML 1.0 Transitional//EN"
    "http://www.w3.org/TR/xhtml1/DTD/xhtml1-transitional.dtd">
<html xmlns="http://www.w3.org/1999/xhtml" xml:lang="en" lang="en">
 <head>
  <title>
</title>
<meta http-equiv="Content-Type" content="text/html;charset=utf-8" />
  <meta name='ocr-system' content='tesseract 3.04.00' />
  <meta name='ocr-capabilities' content='ocr_page ocr_carea ocr_par ocr_line ocrx_word'/>
</head>
<body>
  <div class='ocr_page' id='page_1' title='image "./desaltationisdi00emmagoog_0126.png"; bbox 0 0 3609 5625; ppageno 0'>
   <div class='ocr_carea' id='block_1_1' title="bbox 1815 749 2130 807">
    <p class='ocr_par' dir='ltr' id='par_1_1' title="bbox 1815 749 2130 807">
     <span class='ocr_line' id='line_1_1' title="bbox 1815 749 2130 807; baseline -0.003 -14"><span class='ocrx_word' id='word_1_1' title='bbox 1815 749 2130 807; x_wconf 79' lang='grc'><strong>-98-</strong></span> 
     </span>
    </p>
   </div>
   <div class='ocr_carea' id='block_1_2' title="bbox 849 908 3100 2874">
    <p class='ocr_par' dir='ltr' id='par_1_2' title="bbox 849 908 3096 2375">
     <span class='ocr_line' id='line_1_2' title="bbox 849 908 3088 1000; baseline 0 -25"><span class='ocrx_word' id='word_1_2' title='bbox 849 912 1138 975; x_wconf 89' lang='lat' dir='ltr'><strong>tationes</strong></span> <span class='ocrx_word' id='word_1_3' title='bbox 1189 909 1455 988; x_wconf 90' lang='lat' dir='ltr'><strong>efficiat,</strong></span> <span class='ocrx_word' id='word_1_4' title='bbox 1502 908 1619 973; x_wconf 90' lang='lat' dir='ltr'><strong>sed</strong></span> <span class='ocrx_word' id='word_1_5' title='bbox 1668 910 1892 987; x_wconf 86' lang='lat' dir='ltr'><strong>etiam,</strong></span> <span class='ocrx_word' id='word_1_6' title='bbox 1930 908 1987 972; x_wconf 91' lang='lat' dir='ltr'><strong>si</strong></span> <span class='ocrx_word' id='word_1_7' title='bbox 2025 910 2364 975; x_wconf 88' lang='lat' dir='ltr'><strong>Macrobio</strong></span> <span class='ocrx_word' id='word_1_8' title='bbox 2413 909 2577 975; x_wconf 89' lang='lat' dir='ltr'><strong>fides</strong></span> <span class='ocrx_word' id='word_1_9' title='bbox 2596 912 2665 991; x_wconf 83' lang='lat'><strong>⁶⁹,</strong></span> <span class='ocrx_word' id='word_1_10' title='bbox 2707 911 2907 975; x_wconf 89' lang='lat' dir='ltr'><strong>verba</strong></span> <span class='ocrx_word' id='word_1_11' title='bbox 2949 912 3088 1000; x_wconf 92' lang='lat' dir='ltr'><strong>ipsa</strong></span> 
     </span>
     <span class='ocr_line' id='line_1_3' title="bbox 851 1034 3085 1124; baseline 0 -23"><span class='ocrx_word' id='word_1_12' title='bbox 851 1037 1089 1101; x_wconf 88' lang='lat' dir='ltr'><strong>reddat</strong></span> <span class='ocrx_word' id='word_1_13' title='bbox 1147 1036 1390 1124; x_wconf 91' lang='lat' dir='ltr'><strong>quibus</strong></span> <span class='ocrx_word' id='word_1_14' title='bbox 1441 1034 1726 1098; x_wconf 89' lang='lat' dir='ltr'><strong>dicendo</strong></span> <span class='ocrx_word' id='word_1_15' title='bbox 1777 1057 1970 1098; x_wconf 86' lang='lat' dir='ltr'><strong>sensa</strong></span> <span class='ocrx_word' id='word_1_16' title='bbox 2021 1035 2446 1122; x_wconf 84' lang='lat' dir='ltr'><strong>exprimeret.</strong></span> <span class='ocrx_word' id='word_1_17' title='bbox 2497 1037 2743 1102; x_wconf 89' lang='lat' dir='ltr'><strong>Verum</strong></span> <span class='ocrx_word' id='word_1_18' title='bbox 2793 1035 3085 1115; x_wconf 91' lang='lat' dir='ltr'><strong>saltator,</strong></span> 
     </span>
     <span class='ocr_line' id='line_1_4' title="bbox 850 1159 3093 1247; baseline -0 -21"><span class='ocrx_word' id='word_1_19' title='bbox 850 1161 1153 1226; x_wconf 84' lang='lat' dir='ltr'>Platonis</span> <span class='ocrx_word' id='word_1_20' title='bbox 1203 1184 1275 1224; x_wconf 94' lang='lat' dir='ltr'><strong>ac</strong></span> <span class='ocrx_word' id='word_1_21' title='bbox 1320 1159 1788 1247; x_wconf 83' lang='lat' dir='ltr'><strong>Xenophontis</strong></span> <span class='ocrx_word' id='word_1_22' title='bbox 1831 1159 2271 1246; x_wconf 83' lang='lat' dir='ltr'><strong>temporibuS,</strong></span> <span class='ocrx_word' id='word_1_23' title='bbox 2314 1160 2438 1224; x_wconf 91' lang='lat' dir='ltr'><strong>alia</strong></span> <span class='ocrx_word' id='word_1_24' title='bbox 2479 1161 2580 1225; x_wconf 88' lang='lat' dir='ltr'><strong>via</strong></span> <span class='ocrx_word' id='word_1_25' title='bbox 2622 1184 2842 1224; x_wconf 87' lang='lat' dir='ltr'><strong>rerum</strong></span> <span class='ocrx_word' id='word_1_26' title='bbox 2883 1160 3093 1225; x_wconf 90' lang='lat' dir='ltr'><strong>imita-</strong></span> 
     </span>
     <span class='ocr_line' id='line_1_5' title="bbox 849 1281 3092 1379; baseline -0 -28"><span class='ocrx_word' id='word_1_27' title='bbox 849 1289 1102 1351; x_wconf 84' lang='lat' dir='ltr'><strong>tionem</strong></span> <span class='ocrx_word' id='word_1_28' title='bbox 1152 1286 1707 1372; x_wconf 82' lang='lat' dir='ltr'><strong>consequebatur,</strong></span> <span class='ocrx_word' id='word_1_29' title='bbox 1746 1284 2010 1372; x_wconf 90' lang='lat' dir='ltr'><strong>alioque</strong></span> <span class='ocrx_word' id='word_1_30' title='bbox 2061 1286 2401 1372; x_wconf 84' lang='lat' dir='ltr'><strong>spectabat</strong></span> <span class='ocrx_word' id='word_1_31' title='bbox 2436 1311 2450 1349; x_wconf 76' lang='grc' dir='ltr'>ε</span> <span class='ocrx_word' id='word_1_32' title='bbox 2488 1281 2810 1379; x_wconf 75' lang='grc' dir='ltr'>ὀρχηστὴν</span> <span class='ocrx_word' id='word_1_33' title='bbox 2854 1283 3092 1352; x_wconf 78' lang='grc' dir='ltr'>τέλειον</span> 
     </span>
     <span class='ocr_line' id='line_1_6' title="bbox 854 1409 3092 1503; baseline -0.001 -27"><span class='ocrx_word' id='word_1_34' title='bbox 854 1412 1029 1489; x_wconf 89' lang='lat' dir='ltr'><strong>dico,</strong></span> <span class='ocrx_word' id='word_1_35' title='bbox 1084 1434 1196 1475; x_wconf 91' lang='lat' dir='ltr'><strong>seu</strong></span> <span class='ocrx_word' id='word_1_36' title='bbox 1250 1409 1587 1503; x_wconf 73' lang='grc' dir='ltr'>χορευτὴν,</span> <span class='ocrx_word' id='word_1_37' title='bbox 1635 1409 1700 1472; x_wconf 92' lang='lat' dir='ltr'><strong>in</strong></span> <span class='ocrx_word' id='word_1_38' title='bbox 1748 1409 2009 1502; x_wconf 80' lang='grc' dir='ltr'>χορείαν</span> <span class='ocrx_word' id='word_1_39' title='bbox 2059 1410 2408 1489; x_wconf 89' lang='lat' dir='ltr'><strong>adscitum,</strong></span> <span class='ocrx_word' id='word_1_40' title='bbox 2452 1410 2582 1487; x_wconf 92' lang='lat' dir='ltr'><strong>cui,</strong></span> <span class='ocrx_word' id='word_1_41' title='bbox 2626 1434 2775 1474; x_wconf 91' lang='lat' dir='ltr'><strong>cum</strong></span> <span class='ocrx_word' id='word_1_42' title='bbox 2821 1434 2980 1475; x_wconf 90' lang='lat' dir='ltr'><strong>voce</strong></span> <span class='ocrx_word' id='word_1_43' title='bbox 3027 1423 3092 1475; x_wconf 91' lang='lat' dir='ltr'><strong>et</strong></span> 
     </span>
     <span class='ocr_line' id='line_1_7' title="bbox 856 1533 3086 1623; baseline -0 -22"><span class='ocrx_word' id='word_1_44' title='bbox 856 1535 1152 1601; x_wconf 90' lang='lat' dir='ltr'><strong>numeris</strong></span> <span class='ocrx_word' id='word_1_45' title='bbox 1204 1534 1400 1599; x_wconf 92' lang='lat' dir='ltr'><strong>simul</strong></span> <span class='ocrx_word' id='word_1_46' title='bbox 1441 1557 1513 1597; x_wconf 89' lang='lat' dir='ltr'><strong>ac</strong></span> <span class='ocrx_word' id='word_1_47' title='bbox 1556 1533 1859 1621; x_wconf 89' lang='lat' dir='ltr'><strong>corporis</strong></span> <span class='ocrx_word' id='word_1_48' title='bbox 1900 1534 2191 1598; x_wconf 90' lang='lat' dir='ltr'><strong>motibus</strong></span> <span class='ocrx_word' id='word_1_49' title='bbox 2233 1548 2430 1623; x_wconf 89' lang='lat' dir='ltr'><strong>atque</strong></span> <span class='ocrx_word' id='word_1_50' title='bbox 2465 1536 2806 1599; x_wconf 87' lang='lat' dir='ltr'><strong>habitibus</strong></span> <span class='ocrx_word' id='word_1_51' title='bbox 2843 1548 3086 1612; x_wconf 91' lang='lat' dir='ltr'><strong>utatur,</strong></span> 
     </span>
     <span class='ocr_line' id='line_1_8' title="bbox 853 1658 3095 1740; baseline 0 -17"><span class='ocrx_word' id='word_1_52' title='bbox 853 1700 941 1712; x_wconf 93' lang='lat'><strong>—</strong></span> <span class='ocrx_word' id='word_1_53' title='bbox 990 1660 1204 1725; x_wconf 91' lang='lat' dir='ltr'><strong>tribus</strong></span> <span class='ocrx_word' id='word_1_54' title='bbox 1264 1659 1519 1723; x_wconf 89' lang='lat' dir='ltr'><strong>scilicet</strong></span> <span class='ocrx_word' id='word_1_55' title='bbox 1586 1658 1859 1722; x_wconf 87' lang='lat' dir='ltr'><strong>musicis</strong></span> <span class='ocrx_word' id='word_1_56' title='bbox 1938 1659 2216 1735; x_wconf 79' lang='lat' dir='ltr'><strong>artibuS,</strong></span> <span class='ocrx_word' id='word_1_57' title='bbox 2271 1660 2492 1739; x_wconf 90' lang='lat' dir='ltr'><strong>Poesi‚</strong></span> <span class='ocrx_word' id='word_1_58' title='bbox 2543 1661 2823 1740; x_wconf 83' lang='lat' dir='ltr'><strong>Musica,</strong></span> <span class='ocrx_word' id='word_1_59' title='bbox 2882 1661 3095 1725; x_wconf 90' lang='lat' dir='ltr'><strong>Salta-</strong></span> 
     </span>
     <span class='ocr_line' id='line_1_9' title="bbox 856 1781 3093 1874; baseline -0.001 -24"><span class='ocrx_word' id='word_1_60' title='bbox 856 1787 1058 1864; x_wconf 90' lang='lat' dir='ltr'><strong>tione,</strong></span> <span class='ocrx_word' id='word_1_61' title='bbox 1100 1824 1188 1833; x_wconf 93' lang='lat'>—</span> <span class='ocrx_word' id='word_1_62' title='bbox 1236 1807 1367 1847; x_wconf 92' lang='lat' dir='ltr'><strong>non</strong></span> <span class='ocrx_word' id='word_1_63' title='bbox 1430 1783 1657 1846; x_wconf 88' lang='lat' dir='ltr'><strong>eadem</strong></span> <span class='ocrx_word' id='word_1_64' title='bbox 1720 1781 2233 1872; x_wconf 82' lang='lat' dir='ltr'><strong>gesticulatione</strong></span> <span class='ocrx_word' id='word_1_65' title='bbox 2292 1807 2460 1872; x_wconf 91' lang='lat' dir='ltr'><strong>opus</strong></span> <span class='ocrx_word' id='word_1_66' title='bbox 2514 1799 2614 1849; x_wconf 90' lang='lat' dir='ltr'><strong>est</strong></span> <span class='ocrx_word' id='word_1_67' title='bbox 2669 1809 2866 1874; x_wconf 90' lang='lat' dir='ltr'><strong>quam</strong></span> <span class='ocrx_word' id='word_1_68' title='bbox 2914 1798 3093 1849; x_wconf 90' lang='lat' dir='ltr'><strong>muto</strong></span> 
     </span>
     <span class='ocr_line' id='line_1_10' title="bbox 858 1907 3096 1998; baseline -0 -24"><span class='ocrx_word' id='word_1_69' title='bbox 858 1912 1078 1987; x_wconf 91' lang='lat' dir='ltr'><strong>mimo,</strong></span> <span class='ocrx_word' id='word_1_70' title='bbox 1125 1934 1346 1998; x_wconf 89' lang='lat' dir='ltr'><strong>quem,</strong></span> <span class='ocrx_word' id='word_1_71' title='bbox 1392 1932 1512 1973; x_wconf 92' lang='lat' dir='ltr'><strong>usu</strong></span> <span class='ocrx_word' id='word_1_72' title='bbox 1564 1908 1887 1996; x_wconf 90' lang='lat' dir='ltr'><strong>loquendi</strong></span> <span class='ocrx_word' id='word_1_73' title='bbox 1934 1907 2288 1987; x_wconf 83' lang='lat' dir='ltr'><strong>desectum,</strong></span> <span class='ocrx_word' id='word_1_74' title='bbox 2324 1910 2568 1998; x_wconf 88' lang='lat' dir='ltr'><strong>premit</strong></span> <span class='ocrx_word' id='word_1_75' title='bbox 2615 1912 2973 1975; x_wconf 80' lang='lat' dir='ltr'><strong>necessitas</strong></span> <span class='ocrx_word' id='word_1_76' title='bbox 3024 1923 3096 1974; x_wconf 90' lang='lat' dir='ltr'><strong>ut</strong></span> 
     </span>
     <span class='ocr_line' id='line_1_11' title="bbox 853 2033 3093 2123; baseline -0 -24"><span class='ocrx_word' id='word_1_77' title='bbox 853 2035 1033 2100; x_wconf 90' lang='lat' dir='ltr'><strong>vocis</strong></span> <span class='ocrx_word' id='word_1_78' title='bbox 1084 2035 1374 2123; x_wconf 91' lang='lat' dir='ltr'><strong>inopiam</strong></span> <span class='ocrx_word' id='word_1_79' title='bbox 1427 2056 1827 2121; x_wconf 89' lang='lat' dir='ltr'><strong>quacunque</strong></span> <span class='ocrx_word' id='word_1_80' title='bbox 1873 2034 2130 2098; x_wconf 89' lang='lat' dir='ltr'><strong>ratione</strong></span> <span class='ocrx_word' id='word_1_81' title='bbox 2174 2033 2459 2123; x_wconf 85' lang='lat' dir='ltr'><strong>expleat.</strong></span> <span class='ocrx_word' id='word_1_82' title='bbox 2505 2034 2622 2098; x_wconf 86' lang='lat' dir='ltr'><strong>Illa</strong></span> <span class='ocrx_word' id='word_1_83' title='bbox 2661 2048 2879 2099; x_wconf 90' lang='lat' dir='ltr'><strong>autem</strong></span> <span class='ocrx_word' id='word_1_84' title='bbox 2926 2058 3093 2122; x_wconf 90' lang='lat' dir='ltr'><strong>quae</strong></span> 
     </span>
     <span class='ocr_line' id='line_1_12' title="bbox 853 2153 3095 2247; baseline -0 -22"><span class='ocrx_word' id='word_1_85' title='bbox 853 2172 1126 2225; x_wconf 87' lang='lat' dir='ltr'><strong>vocatur</strong></span> <span class='ocrx_word' id='word_1_86' title='bbox 1182 2153 1370 2235; x_wconf 78' lang='grc' dir='ltr'>δεῖξις</span> <span class='ocrx_word' id='word_1_87' title='bbox 1422 2172 1683 2224; x_wconf 87' lang='lat' dir='ltr'><strong>mutum</strong></span> <span class='ocrx_word' id='word_1_88' title='bbox 1741 2158 2138 2223; x_wconf 89' lang='lat' dir='ltr'><strong>histrionem</strong></span> <span class='ocrx_word' id='word_1_89' title='bbox 2200 2159 2294 2224; x_wconf 89' lang='lat' dir='ltr'><strong>sic</strong></span> <span class='ocrx_word' id='word_1_90' title='bbox 2354 2159 2690 2247; x_wconf 89' lang='lat' dir='ltr'><strong>adjuvabit</strong></span> <span class='ocrx_word' id='word_1_91' title='bbox 2744 2173 2817 2223; x_wconf 90' lang='lat' dir='ltr'><strong>ut</strong></span> <span class='ocrx_word' id='word_1_92' title='bbox 2878 2160 3095 2224; x_wconf 90' lang='lat' dir='ltr'><strong>minus</strong></span> 
     </span>
     <span class='ocr_line' id='line_1_13' title="bbox 858 2297 1273 2375; baseline -0.005 -27"><span class='ocrx_word' id='word_1_93' title='bbox 858 2297 1048 2375; x_wconf 86' lang='lat' dir='ltr'><strong>egeat</strong></span> <span class='ocrx_word' id='word_1_94' title='bbox 1093 2309 1273 2347; x_wconf 88' lang='lat' dir='ltr'><strong>voce.</strong></span> 
     </span>
    </p>

    <p class='ocr_par' dir='ltr' id='par_1_3' title="bbox 857 2402 3100 2874">
     <span class='ocr_line' id='line_1_14' title="bbox 946 2402 3091 2499; baseline 0.001 -26"><span class='ocrx_word' id='word_1_95' title='bbox 946 2409 1129 2474; x_wconf 89' lang='lat' dir='ltr'><strong>Nihil</strong></span> <span class='ocrx_word' id='word_1_96' title='bbox 1189 2410 1393 2498; x_wconf 83' lang='lat' dir='ltr'><strong>igitur</strong></span> <span class='ocrx_word' id='word_1_97' title='bbox 1442 2402 1629 2484; x_wconf 84' lang='grc' dir='ltr'>δεῖξις</span> <span class='ocrx_word' id='word_1_98' title='bbox 1674 2408 1758 2473; x_wconf 89' lang='lat' dir='ltr'><strong>ad</strong></span> <span class='ocrx_word' id='word_1_99' title='bbox 1808 2409 2130 2473; x_wconf 89' lang='lat' dir='ltr'><strong>Graecam</strong></span> <span class='ocrx_word' id='word_1_100' title='bbox 2189 2409 2473 2473; x_wconf 87' lang='lat' dir='ltr'><strong>saltandi</strong></span> <span class='ocrx_word' id='word_1_101' title='bbox 2522 2423 2729 2474; x_wconf 91' lang='lat' dir='ltr'><strong>artem</strong></span> <span class='ocrx_word' id='word_1_102' title='bbox 2776 2410 3091 2499; x_wconf 89' lang='lat' dir='ltr'><strong>pertinet,</strong></span> 
     </span>
     <span class='ocr_line' id='line_1_15' title="bbox 857 2531 3097 2621; baseline 0 -23"><span class='ocrx_word' id='word_1_103' title='bbox 857 2536 1046 2621; x_wconf 86' lang='lat' dir='ltr'><strong>cujus</strong></span> <span class='ocrx_word' id='word_1_104' title='bbox 1085 2531 1435 2610; x_wconf 88' lang='lat' dir='ltr'><strong>elementa,</strong></span> <span class='ocrx_word' id='word_1_105' title='bbox 1472 2533 1680 2597; x_wconf 87' lang='lat' dir='ltr'><strong>invito</strong></span> <span class='ocrx_word' id='word_1_106' title='bbox 1720 2531 1990 2620; x_wconf 90' lang='lat' dir='ltr'><strong>quidem</strong></span> <span class='ocrx_word' id='word_1_107' title='bbox 2030 2532 2414 2612; x_wconf 81' lang='lat' dir='ltr'><strong>Plutarcho,</strong></span> <span class='ocrx_word' id='word_1_108' title='bbox 2451 2534 2566 2597; x_wconf 88' lang='lat' dir='ltr'><strong>sed</strong></span> <span class='ocrx_word' id='word_1_109' title='bbox 2605 2533 2903 2598; x_wconf 90' lang='lat' dir='ltr'><strong>Platonis</strong></span> <span class='ocrx_word' id='word_1_110' title='bbox 2943 2558 3097 2599; x_wconf 90' lang='lat' dir='ltr'><strong>auc-</strong></span> 
     </span>
     <span class='ocr_line' id='line_1_16' title="bbox 857 2656 3100 2749; baseline 0.001 -28"><span class='ocrx_word' id='word_1_111' title='bbox 857 2658 1151 2735; x_wconf 85' lang='lat' dir='ltr'><strong>toritate,</strong></span> <span class='ocrx_word' id='word_1_112' title='bbox 1195 2656 1277 2721; x_wconf 90' lang='lat' dir='ltr'><strong>ad</strong></span> <span class='ocrx_word' id='word_1_113' title='bbox 1336 2656 1466 2720; x_wconf 88' lang='lat' dir='ltr'><strong>duo</strong></span> <span class='ocrx_word' id='word_1_114' title='bbox 1523 2680 1833 2720; x_wconf 85' lang='lat' dir='ltr'><strong>revocare</strong></span> <span class='ocrx_word' id='word_1_115' title='bbox 1894 2680 2028 2721; x_wconf 91' lang='lat' dir='ltr'><strong>non</strong></span> <span class='ocrx_word' id='word_1_116' title='bbox 2086 2657 2433 2735; x_wconf 85' lang='lat' dir='ltr'><strong>dubitabo,</strong></span> <span class='ocrx_word' id='word_1_117' title='bbox 2477 2659 2669 2749; x_wconf 78' lang='grc' dir='ltr'>φορὰς</span> <span class='ocrx_word' id='word_1_118' title='bbox 2719 2658 2975 2723; x_wconf 89' lang='lat' dir='ltr'><strong>scilicet</strong></span> <span class='ocrx_word' id='word_1_119' title='bbox 3033 2674 3100 2724; x_wconf 90' lang='lat' dir='ltr'><strong>et</strong></span> 
     </span>
     <span class='ocr_line' id='line_1_17' title="bbox 859 2776 3093 2874; baseline 0.001 -29"><span class='ocrx_word' id='word_1_120' title='bbox 859 2782 1186 2874; x_wconf 78' lang='grc' dir='ltr'>σχήματα,</span> <span class='ocrx_word' id='word_1_121' title='bbox 1232 2781 1482 2870; x_wconf 89' lang='lat' dir='ltr'><strong>quippe</strong></span> <span class='ocrx_word' id='word_1_122' title='bbox 1539 2805 1688 2846; x_wconf 92' lang='lat' dir='ltr'><strong>cum</strong></span> <span class='ocrx_word' id='word_1_123' title='bbox 1746 2776 1939 2858; x_wconf 79' lang='grc' dir='ltr'>δεῖξιν</span> <span class='ocrx_word' id='word_1_124' title='bbox 1991 2782 2203 2860; x_wconf 91' lang='lat' dir='ltr'><strong>Plat0,</strong></span> <span class='ocrx_word' id='word_1_125' title='bbox 2239 2783 2639 2872; x_wconf 84' lang='lat' dir='ltr'><strong>Xenophon,</strong></span> <span class='ocrx_word' id='word_1_126' title='bbox 2673 2782 3093 2865; x_wconf 79' lang='lat' dir='ltr'><strong>AristoteleS,</strong></span> 
     </span>
    </p>
   </div>
   <div class='ocr_carea' id='block_1_3' title="bbox 857 2907 1544 2996">
    <p class='ocr_par' dir='ltr' id='par_1_4' title="bbox 857 2907 1544 2996">
     <span class='ocr_line' id='line_1_18' title="bbox 857 2907 1544 2996; baseline -0.001 -26"><span class='ocrx_word' id='word_1_127' title='bbox 857 2907 1061 2970; x_wconf 92' lang='lat' dir='ltr'><strong>ceteri</strong></span> <span class='ocrx_word' id='word_1_128' title='bbox 1098 2919 1544 2996; x_wconf 88' lang='lat' dir='ltr'><strong>praetereant.</strong></span> 
     </span>
    </p>
   </div>
   <div class='ocr_carea' id='block_1_4' title="bbox 937 3288 1667 3359">
    <p class='ocr_par' dir='ltr' id='par_1_5' title="bbox 937 3288 1667 3359">
     <span class='ocr_line' id='line_1_19' title="bbox 937 3288 1667 3359; baseline 0.005 -17"><span class='ocrx_word' id='word_1_129' title='bbox 937 3288 1035 3343; x_wconf 77' lang='lat'><strong>69.</strong></span> <span class='ocrx_word' id='word_1_130' title='bbox 1069 3291 1444 3359; x_wconf 74' lang='lat' dir='ltr'><strong>Saturnalia,</strong></span> <span class='ocrx_word' id='word_1_131' title='bbox 1474 3290 1534 3359; x_wconf 89' lang='lat'><strong>3,</strong></span> <span class='ocrx_word' id='word_1_132' title='bbox 1571 3289 1667 3346; x_wconf 85' lang='lat'><strong>14.</strong></span> 
     </span>
    </p>
   </div>
   <div class='ocr_carea' id='block_1_5' title="bbox 863 3793 2673 4169">
    <p class='ocr_par' dir='ltr' id='par_1_6' title="bbox 863 3793 2673 4169">
     <span class='ocr_line' id='line_1_20' title="bbox 1461 3793 1962 3864; baseline 0 -19"><span class='ocrx_word' id='word_1_133' title='bbox 1461 3793 1595 3845; x_wconf 90' lang='lat' dir='ltr'><strong>Vidi</strong></span> <span class='ocrx_word' id='word_1_134' title='bbox 1626 3812 1688 3845; x_wconf 92' lang='lat' dir='ltr'><strong>ac</strong></span> <span class='ocrx_word' id='word_1_135' title='bbox 1719 3793 1962 3864; x_wconf 86' lang='lat' dir='ltr'><strong>perlegi,</strong></span> 
     </span>
     <span class='ocr_line' id='line_1_21' title="bbox 1179 3873 2254 3936; baseline -0.001 -10"><span class='ocrx_word' id='word_1_136' title='bbox 1179 3875 1438 3928; x_wconf 80' lang='lat' dir='ltr'><strong>Lutetiae</strong></span> <span class='ocrx_word' id='word_1_137' title='bbox 1473 3874 1851 3936; x_wconf 88' lang='lat' dir='ltr'><strong>Parisiorum,</strong></span> <span class='ocrx_word' id='word_1_138' title='bbox 1887 3875 1944 3925; x_wconf 90' lang='lat' dir='ltr'><strong>in</strong></span> <span class='ocrx_word' id='word_1_139' title='bbox 1975 3873 2254 3935; x_wconf 89' lang='lat' dir='ltr'><strong>Sorbona,</strong></span> 
     </span>
     <span class='ocr_line' id='line_1_22' title="bbox 1142 3953 2384 4023; baseline -0.001 -16"><span class='ocrx_word' id='word_1_140' title='bbox 1142 3975 1193 4007; x_wconf 86' lang='lat' dir='ltr'><strong>a.</strong></span> <span class='ocrx_word' id='word_1_141' title='bbox 1228 3957 1281 4007; x_wconf 91' lang='lat' dir='ltr'><strong>d.</strong></span> <span class='ocrx_word' id='word_1_142' title='bbox 1316 3955 1401 4006; x_wconf 96' lang='lat' dir='ltr'><strong>III</strong></span> <span class='ocrx_word' id='word_1_143' title='bbox 1432 3955 1577 4009; x_wconf 89' lang='lat' dir='ltr'><strong>Non.</strong></span> <span class='ocrx_word' id='word_1_144' title='bbox 1612 3973 1741 4023; x_wconf 87' lang='lat' dir='ltr'><strong>aug.</strong></span> <span class='ocrx_word' id='word_1_145' title='bbox 1778 3974 1904 4006; x_wconf 90' lang='lat' dir='ltr'><strong>ann.</strong></span> <span class='ocrx_word' id='word_1_146' title='bbox 1945 3953 2384 4016; x_wconf 91' lang='lat' dir='ltr'><strong>MDCCCXCV,</strong></span> 
     </span>
     <span class='ocr_line' id='line_1_23' title="bbox 863 4033 2673 4097; baseline 0 -11"><span class='ocrx_word' id='word_1_147' title='bbox 863 4033 1184 4087; x_wconf 82' lang='lat' dir='ltr'><strong>Facultatis</strong></span> <span class='ocrx_word' id='word_1_148' title='bbox 1220 4035 1570 4088; x_wconf 77' lang='lat' dir='ltr'><strong>Litterarum</strong></span> <span class='ocrx_word' id='word_1_149' title='bbox 1601 4034 1657 4087; x_wconf 84' lang='lat' dir='ltr'><strong>in</strong></span> <span class='ocrx_word' id='word_1_150' title='bbox 1686 4034 2008 4088; x_wconf 85' lang='lat' dir='ltr'><strong>Academia</strong></span> <span class='ocrx_word' id='word_1_151' title='bbox 2038 4035 2364 4088; x_wconf 83' lang='lat' dir='ltr'><strong>Parisiensi</strong></span> <span class='ocrx_word' id='word_1_152' title='bbox 2390 4037 2673 4097; x_wconf 82' lang='lat' dir='ltr'><strong>Decanus,</strong></span> 
     </span>
     <span class='ocr_line' id='line_1_24' title="bbox 1499 4114 1815 4169; baseline 0.006 -3"><span class='ocrx_word' id='word_1_153' title='bbox 1499 4114 1565 4166; x_wconf 90' lang='lat' dir='ltr'><strong>A.</strong></span> <span class='ocrx_word' id='word_1_154' title='bbox 1604 4115 1815 4169; x_wconf 78' lang='lat' dir='ltr'>H1MLY.</span> 
     </span>
    </p>
   </div>
   <div class='ocr_carea' id='block_1_6' title="bbox 2106 4214 3098 4426">
    <p class='ocr_par' dir='ltr' id='par_1_7' title="bbox 2106 4214 3098 4426">
     <span class='ocr_line' id='line_1_25' title="bbox 2326 4214 2848 4283; baseline 0.002 -18"><span class='ocrx_word' id='word_1_155' title='bbox 2326 4214 2504 4283; x_wconf 81' lang='lat' dir='ltr'><strong>Typis</strong></span> <span class='ocrx_word' id='word_1_156' title='bbox 2535 4214 2848 4266; x_wconf 85' lang='lat' dir='ltr'><strong>mandetur.</strong></span> 
     </span>
     <span class='ocr_line' id='line_1_26' title="bbox 2106 4293 3098 4353; baseline -0.002 -8"><span class='ocrx_word' id='word_1_157' title='bbox 2106 4293 2461 4347; x_wconf 84' lang='lat' dir='ltr'><strong>Academiae</strong></span> <span class='ocrx_word' id='word_1_158' title='bbox 2491 4293 2845 4346; x_wconf 77' lang='lat' dir='ltr'><strong>Parisiensis</strong></span> <span class='ocrx_word' id='word_1_159' title='bbox 2871 4294 3098 4353; x_wconf 79' lang='lat' dir='ltr'><strong>Rector,</strong></span> 
     </span>
     <span class='ocr_line' id='line_1_27' title="bbox 2430 4375 2828 4426; baseline 0.003 -2"><span class='ocrx_word' id='word_1_160' title='bbox 2430 4375 2679 4426; x_wconf 62' lang='lat' dir='ltr'><strong>Gaium).</strong></span> <span class='ocrx_word' id='word_1_161' title='bbox 2820 4378 2828 4385; x_wconf 84' lang='grc'><strong>”</strong></span> 
     </span>
    </p>
   </div>
   <div class='ocr_carea' id='block_1_7' title="bbox 3564 1051 3565 1714">
    <p class='ocr_par' dir='ltr' id='par_1_8' title="bbox 3564 1051 3565 1714">
     <span class='ocr_line' id='line_1_28' title="bbox 3564 1051 3565 1714; baseline 0 0"><span class='ocrx_word' id='word_1_162' title='bbox 3564 1051 3565 1714; x_wconf 95' lang='lat' dir='ltr'><strong> </strong></span> 
     </span>
    </p>
   </div>
   <div class='ocr_carea' id='block_1_8' title="bbox 3563 1051 3566 3155">
    <p class='ocr_par' dir='ltr' id='par_1_9' title="bbox 3563 1051 3566 3155">
     <span class='ocr_line' id='line_1_29' title="bbox 3563 1051 3566 3155; baseline 0 0"><span class='ocrx_word' id='word_1_163' title='bbox 3563 1051 3566 3155; x_wconf 95' lang='lat' dir='ltr'><strong> </strong></span> 
     </span>
    </p>
   </div>
   <div class='ocr_carea' id='block_1_9' title="bbox 3561 1051 3568 4929">
    <p class='ocr_par' dir='ltr' id='par_1_10' title="bbox 3561 1051 3568 4929">
     <span class='ocr_line' id='line_1_30' title="bbox 3561 1051 3568 4929; baseline 0 0"><span class='ocrx_word' id='word_1_164' title='bbox 3561 1051 3568 4929; x_wconf 95' lang='lat' dir='ltr'><strong> </strong></span> 
     </span>
    </p>
   </div>
  </div>
 </body>
</html>
