3609 5625
1535 740 1854 796 ..15-

566 899 882 991 insignia,
947 923 1143 965 manu
1202 900 1584 977 habentem,
1641 912 1783 962 tum
1843 921 2085 987 pueros
2144 898 2374 963 ludere
2434 900 2809 986 jubentem,

566 1039 708 1090 tum
748 1026 1231 1114 disceptantem
1280 1025 1457 1089 inter
1505 1048 1619 1089 eos
1664 1023 1779 1113 qui
1827 1022 2091 1102 ludunt,
2131 1035 2272 1087 tum
2318 1024 2516 1089 etiam
2555 1025 2814 1115 virgula

569 1151 930 1216 luctatores
969 1150 1393 1214 dirimentem
1406 1200 1419 1213 .

658 1402 881 1465 Motus
957 1413 1175 1465 autem
1252 1399 1648 1476 saltationiS,
1731 1401 2070 1489 quoniam,
2147 1401 2548 1489 scriptorum
2624 1405 2814 1466 testi-

571 1526 819 1604 moni0‚
874 1525 1088 1589 nihilo
1127 1524 1347 1589 minus
1399 1549 1597 1615 quam
1645 1525 2030 1590 luctationis
2080 1539 2584 1615 ceterarumque
2633 1552 2813 1592 exer-

569 1650 961 1715 citationum
1006 1663 1226 1714 motus
1271 1650 1353 1714 ad
1396 1651 1640 1715 bonam
1688 1650 2155 1715 habitudinem
2205 1665 2272 1715 et
2323 1651 2689 1742 agilitatem
2740 1678 2812 1718 ac

569 1773 1144 1862 pulchritudinem
1210 1775 1416 1839 totius
1488 1775 1792 1864 corporis
1872 1774 2232 1862 plurimum
2296 1777 2564 1842 valeant
2592 1779 2684 1857 ³⁹‚‘
2732 1778 2815 1842 ad

570 1912 795 1988 partes
842 1899 1140 1986 ejusdem
1183 1900 1490 1990 magistri
1527 1901 1866 1988 pertinere
1906 1899 2070 1964 mihi
2107 1900 2441 1981 videntur,
2482 1903 2589 1966 cui
2628 1926 2814 1967 man-

570 2023 766 2088 datur
831 2036 906 2087 ut
961 2047 1206 2111 pueros
1262 2025 1743 2114 gymnasticam
1803 2036 2014 2088 artem
2074 2023 2345 2103 doceat3
2405 2022 2816 2117 παίδοτρίὸην

569 2148 746 2213 dico,
802 2148 999 2230 Quod
1048 2148 1369 2238 exemplis
1417 2150 1855 2237 comprobare
1901 2161 2285 2238 promptum
2333 2163 2455 2215 est.
2518 2153 2814 2232 Quorum

568 2274 696 2338 hoc
754 2274 1246 2363 apertissimum
1293 2274 1657 2362 sumpsisse
1703 2267 1871 2339 mihi
1917 2274 2147 2339 videor
2197 2299 2231 2338 a
2276 2275 2562 2364 quodam
2612 2278 2816 2343 calice

572 2393 820 2487 (κύλιξ),
868 2399 1165 2464 Cimonis
1206 2411 1416 2463 aetate
1465 2399 1662 2488 pictis
1711 2400 2115 2489 imaginibus
2166 2413 2402 2464 ornato
2440 2402 2509 2477 ⁴⁰,
2554 2402 2621 2464 in
2682 2427 2814 2491 quo

570 2524 808 2588 artifex
873 2523 1130 2587 effinxit
1194 2547 1327 2587 una
1392 2524 1784 2615 magistrum
1861 2523 2423 2613 discipulumque,
2495 2526 2673 2591 hunc
2732 2528 2814 2592 ad

568 2649 772 2714 tibiae
823 2648 1056 2712 modos
1106 2648 1483 2728 saltantem,
1536 2648 1721 2712 illum
1776 2647 2119 2714 inflantem
2172 2649 2430 2713 tibiam.
2484 2652 2813 2718 Musicum

569 2798 725 2839 vero
758 2773 871 2863 qui
895 2773 980 2837 sit
1003 2785 1068 2838 et
1091 2773 1424 2864 quomodo
1456 2772 1840 2838 nominetur
1874 2773 2018 2837 sine
2049 2775 2502 2840 controversia
2532 2799 2816 2868 cognos-

569 2900 781 2964 cimus
825 2923 839 2962 ε
882 2895 1293 2988 παίδοτρίὸην
1334 2898 1513 2962 enim
1557 2898 1714 2963 facit
1750 2899 2183 2986 conspicuum
2229 2899 2487 2964 bifurca
2525 2902 2811 2993 virgula,

571 3025 640 3088 in
685 3037 1138 3089 transversum
1182 3023 1474 3110 depicta,
1520 3023 1603 3087 de
1652 3046 1781 3112 qua
1835 3047 2065 3087 saccus
2116 3024 2365 3111 pendet
2406 3027 2815 3092 ornamentis

572 3149 952 3223 distinctuS,
989 3148 1056 3212 in
1099 3172 1232 3236 quo
1277 3148 1590 3211 tibiarum
1641 3147 1889 3238 ligulae
1940 3148 2394 3212 includuntur.
2451 3151 2814 3215 Personam

570 3273 777 3366 igitur
832 3286 1207 3360 utramque,
1268 3272 1444 3336 intra
1499 3271 1869 3359 palaestrae
1935 3271 2038 3335 vel
2106 3273 2436 3361 gymnasii
2496 3275 2810 3362 parieteS‚

571 3397 908 3462 saltationi
968 3420 1238 3485 operam
1298 3396 1565 3460 dantem
1625 3396 1848 3461 animo
1907 3420 2256 3460 cernamus
2314 3422 2327 3460 ε
2390 3399 2808 3492 magistrum,

574 3518 1022 3612 (παίδοτρίὸης)
1061 3522 1228 3585 tibia
1265 3545 1579 3586 numeros
1612 3521 2100 3598 moderantem3
2137 3521 2564 3609 discipulum,
2600 3524 2813 3611 passis

586 3647 874 3712 brachiis
917 3659 981 3710 et
1024 3646 1093 3709 in
1134 3645 1336 3711 latum
1369 3646 1691 3710 inclinato
1732 3646 1975 3733 capite,
2022 3670 2156 3710 uno
2198 3645 2367 3734 pede
2412 3659 2719 3712 stantem.

661 3771 857 3853 Quod
886 3772 1013 3835 hoc
1045 3770 1387 3835 Plutarchi
1426 3771 1571 3835 loco
1612 3771 2080 3835 confirmatur:
2125 3766 2467 3862 ἀπεδείχθη
2506 3766 2572 3835 δὲ
2601 3774 2817 3862 κριτὴς

577 3898 734 3989 μετὰ
768 3896 1071 3960 Μενίσκου
1108 3895 1219 3959 τοῦ
1257 3888 1659 3985 παίδοτρίὸου
1696 3894 2027 3985 Λαμπρίας
2066 3891 2096 3959 ὁ
2143 3891 2426 3988 ἀδελφός·
2473 3893 2814 3989 ὠρχήσατο

649 4252 748 4309 39.
795 4251 918 4327 [τῆς
967 4248 1244 4330 ὀρχήσεως
1293 4246 1439 4319 ἄλλη
1496 4244 1720 4327 μὲν....]
1774 4247 1922 4320 ἄλλη
1971 4245 2029 4306 δὲ
2080 4246 2287 4317 εὐεξίας
2345 4246 2705 4331 ἐλαφρότητός
2751 4273 2815 4308 τε

571 4341 732 4403 ἕνεκα
762 4342 856 4403 καὶ
897 4343 1134 4409 κάλλους
1171 4344 1277 4400 τῶν
1314 4350 1408 4400 τοῦ
1451 4338 1708 4419 σώματος
1748 4342 1917 4401 αὐτοῦ
1960 4343 2137 4419 μελῶν
2186 4341 2278 4401 καὶ
2320 4345 2568 4423 μερῶν...
2612 4340 2811 4412 Plato,

571 4441 781 4513 LegeS‚
818 4437 953 4504 795,
988 4455 1041 4493 e.

649 4530 749 4588 40.
786 4529 1191 4588 Simulacrum
1222 4528 1383 4586 inest
1408 4527 1553 4586 libri
1587 4525 1767 4607 hujus
1799 4528 2006 4586 fronti.
