3609 5625
1585 684 1903 743 -27—

698 843 792 933 2).
839 842 1163 934 Magister
1211 840 1327 905 ille
1378 842 1493 929 qui
1546 842 1859 906 omnibus
1899 857 2169 932 praeest
2207 845 2511 932 corporis
2545 846 2868 911 exercita-

606 967 905 1032 tionibus
954 979 1020 1030 et
1054 961 1461 1055 παιδοτρίὸης
1517 978 1813 1048 vocatur,
1863 966 1931 1029 in
1981 966 2336 1054 palaestris
2388 981 2452 1032 et
2503 969 2866 1060 gymnasiis

606 1115 840 1156 omnes
881 1104 1100 1156 motus
1143 1090 1369 1184 (φοραί)
1413 1113 1563 1155 cum
1605 1092 2060 1183 gymnasticae
2100 1105 2242 1156 tum
2283 1093 2662 1158 saltatoriae
2702 1095 2863 1158 artis

607 1240 854 1306 pueros
876 1216 1106 1293 docet;
1132 1239 1300 1305 quos
1333 1238 1601 1305 quoque
1630 1215 1978 1280 habituum
2013 1218 2373 1309 (σχήματα)
2409 1199 2853 1307 quorundam,

607 1366 757 1407 cum
805 1342 874 1406 in
927 1341 1289 1406 luctatione
1338 1353 1478 1404 tum
1528 1340 1598 1403 in
1642 1340 1967 1427 Pyrricha
2029 1341 2597 1433 Chironomiaque
2653 1344 2851 1408 usita-

604 1479 850 1543 torum,
900 1465 1153 1554 peritos
1202 1464 1422 1540 saciet,
1471 1488 1605 1529 non
1651 1465 1917 1529 omissis
1966 1467 2263 1530 numeris
2312 1466 2561 1559 (μέτρα)
2612 1468 2856 1554 quibus

605 1593 676 1656 in
708 1592 968 1666 animos
999 1613 1120 1679 per
1160 1601 1384 1654 motus
1415 1587 1819 1678 habitusque
1861 1588 2227 1654 instilletur
2265 1591 2681 1679 Eurythmia.
2721 1592 2856 1657 Sed

605 1717 747 1781 ludi
797 1714 1211 1808 gymnasiive
1270 1713 1589 1805 magister
1647 1709 2132 1803 (παιδοτρίὸης),
2187 1715 2291 1780 cui
2346 1717 2659 1805 quoniam
2718 1740 2854 1780 non

603 1842 956 1907 mandatur
996 1853 1070 1905 ut
1119 1840 1505 1905 saltatorem
1553 1839 1860 1928 perficiat
1898 1839 1969 1904 in
2014 1852 2154 1903 arte
2205 1841 2491 1906 saltandi
2542 1844 2856 1907 exercita·
2946 1893 2951 1898 .

600 1967 934 2031 tissimum
973 1967 1043 2041 ⁸⁶,
1088 1964 1478 2052 Pyrrhicam
1528 1964 2018 2040 tantummode,
2074 1989 2242 2053 quae
2288 1965 2513 2053 potius
2569 1967 2855 2032 militare

602 2091 996 2157 exercitium
1063 2113 1258 2177 quam
1319 2087 1583 2153 saltatio
1649 2101 1772 2164 est,
1847 2087 2252 2178 discipulum
2321 2091 2588 2171 edocet3
2656 2115 2852 2180 quem

600 2216 796 2282 alteri
836 2214 1158 2303 magistro
1207 2213 1414 2278 tradit
1457 2214 1524 2277 in
1575 2213 1818 2277 ceteris
1865 2213 2329 2279 saltationibus
2378 2216 2650 2303 penitus
2700 2240 2852 2281 eru-

600 2341 946 2418 diendum,
978 2339 1046 2404 id
1079 2351 1180 2402 est
1220 2338 1540 2428 magistro
1580 2338 1893 2404 saltandi.

689 2466 777 2551 3).
826 2464 1129 2531 Saltandi
1182 2464 1499 2552 magister
1550 2458 2281 2555 (ὀρχηστοδιδάσκαλος),
2330 2488 2479 2529 cum
2519 2468 2850 2557 gymnasii

601 2591 906 2682 magistri
944 2602 1168 2678 partes
1211 2588 1345 2651 sint
1390 2588 1840 2676 gymnasticas
1881 2588 2266 2652 saltationes
2305 2590 2350 2623 ⁸⁷
2394 2589 2847 2656 docendorum

598 2740 987 2807 puerorum,
1024 2737 1190 2804 quae
1222 2715 1581 2802 praecipue
1615 2737 1694 2776 ex
1725 2712 2017 2777 motibus
2049 2716 2277 2806 (φοραί)
2311 2729 2643 2796 constent,
2670 2717 2846 2781 illam

599 2844 730 2909 sibi
778 2841 1190 2931 provinciam
1229 2838 1523 2903 vindicat
1571 2852 1644 2903 ut
1692 2839 1992 2929 ephebos
2047 2853 2113 2904 et
2152 2841 2358 2906 Chori
2398 2866 2721 2930 personas
2771 2868 2843 2907 ac

597 2966 898 3058 quemvis
942 2964 1328 3029 saltatorem
1369 2963 1755 3028 saltationes
1800 2962 1949 3028 illas
1999 2964 2299 3040 edoceat,
2346 2990 2515 3054 quae
2562 2967 2647 3032 ad
2693 2968 2845 3031 imi-

594 3093 916 3160 tationem
975 3089 1199 3178 potius
1265 3088 1648 3176 pertineant
1692 3089 1761 3170 ⁸⁸,
1827 3101 1893 3153 et
1949 3113 2030 3153 ex
2094 3088 2440 3154 habitibus
2486 3092 2846 3184 (σχήματα)

597 3216 928 3306 imprimis
987 3213 1452 3278 conficiantur.
1515 3213 1617 3276 Ab
1677 3212 1887 3277 altero
1946 3213 2153 3304 igitur
2212 3215 2533 3304 magistro
2600 3213 2846 3304 (παιδο-

593 3340 837 3434 τρίὅης)
892 3340 981 3404 ita
1030 3336 1345 3426 discipuli
1399 3350 1720 3425 parantur
1782 3351 1855 3401 ut
1901 3337 2080 3426 apud
2127 3338 2406 3403 alterum
2441 3335 2841 3432 (ὀρχηστοδι-

596 3462 920 3549 δάσκαλος)
965 3462 1301 3527 absolutas
1368 3461 1752 3526 saltationes
1820 3462 2081 3526 discere
2148 3464 2431 3551 possint,
2495 3489 2664 3552 quae
2720 3490 2841 3554 per

593 3593 904 3685 σχήματα
931 3587 1302 3652 imitatione
1341 3580 1802 3675 praepolleant
1830 3588 1898 3650 ⁸⁹.

661 3921 760 3979 86.
793 3920 1078 4003 ὀρχηστὴς
1105 3923 1335 3989 τέλειος.
1372 3921 1527 3980 Vide
1559 3920 1740 3992 infra,
1774 3921 1933 3979 Pars
1966 3920 2170 3992 tertia,
2203 3918 2369 3980 XXI.

661 4013 762 4075 87.
800 4014 1167 4095 γυμναστικαὶ
1200 4019 1486 4098 ὀρχήσεις.
1520 4015 1676 4074 Vide
1709 4033 1920 4092 supra,
1956 4012 2071 4072 Ill.

658 4108 760 4166 88.
799 4108 1102 4187 μιμητικαὶ
1130 4113 1414 4191 ὀρχήσεις.
1452 4108 1608 4167 Vide
1641 4127 1852 4188 supra,
1890 4106 2003 4166 ΙΙΙ.

658 4202 760 4260 89.
792 4208 1033 4261 τοιοῦτον
1070 4202 1155 4277 [id
1197 4215 1295 4261 est
1334 4204 1520 4285 ὑγρόν]
1561 4205 1590 4260 ὁ
1629 4198 1946 4282 γυμναστὴς
1976 4200 2385 4284 [παιδοτρίὸης]
2419 4205 2496 4283 τῷ
2530 4204 2832 4284 [ὄρχηςτο-]

583 4294 901 4376 διδασκάλῳ
930 4295 1338 4378 παρασκευάσει
1376 4296 1439 4355 τὸ
1474 4298 1661 4375 σῶμα,
1696 4293 1882 4355 >affl->v
1913 4291 1976 4353 δ’
2002 4297 2214 4362 ἐκεῖνος
2251 4298 2479 4375 εὐπειθῆ
2510 4300 2619 4356 τῶν
2647 4299 2836 4377 μελῶν

580 4386 676 4460 τὴν
705 4384 963 4470 ἁρμονίαν
996 4391 1069 4455 εἷς
1098 4388 1338 4455 ἅπαντος
1369 4393 1662 4469 σχήματος
1694 4392 2030 4467 καταστήσει
2060 4387 2315 4467 μίμησιν.
2351 4388 2674 4462 LibaniuS,
2703 4389 2830 4474 ὑπὲρ

583 4488 692 4543 τῶν
721 4484 1032 4565 ὀρχηστῶν,
1061 4481 1159 4539 22.
