3609 5625
1776 712 2094 770 -86-

814 875 1000 959 cujus
1053 869 1220 935 alter
1280 868 1596 933 dimidius
1654 869 1895 933 chorus
1934 871 1978 904 ⁴⁸
2035 882 2216 933 recta
2276 869 2492 932 fronte
2542 869 2587 903 ⁴⁹
2647 868 2841 932 alteri
2893 893 3053 933 con-

742 1018 754 1029 ·
819 996 1047 1061 currit.

1917 1233 1968 1294 B

1020 1439 1268 1480 CHORUS
1306 1442 1371 1481 IN
1421 1442 1549 1493 Quo
1599 1420 2033 1512 συγχορευταὶ
2068 1441 2423 1483 SEPARATIM
2474 1439 2844 1481 MOVENTUR.

909 1622 1284 1711 Dupliciter
1337 1650 1604 1715 quoque
1662 1627 1807 1691 fieri
1874 1627 2131 1720 χορικὸν
2190 1629 2441 1721 σχῆμα,
2504 1650 2651 1691 cum
2708 1626 3054 1690 saltatores

826 1747 894 1809 in
979 1749 1255 1813 chorum
1354 1764 1590 1816 coeant
1671 1776 1797 1816 nec
1895 1754 2197 1817 manibus
2291 1753 2686 1826 vinciantur,
2776 1761 3057 1813 testatur

820 1870 1173 1936 LucianuS.
1252 1873 1451 1963 Apud
1521 1899 1715 1962 quem
1803 1875 2050 1967 legitur
2119 1901 2133 1938 :
2205 1877 2360 1941 κατὰ
2434 1877 2692 1967 στοῖχον
2759 1867 3061 1950 ἀλλήλοις

817 1991 1109 2085 ἑπόμενοι
1133 1999 1199 2077 ⁵⁰,
1238 2010 1303 2061 et
1343 2011 1576 2062 contra
1612 2023 1624 2062 :
1659 1999 1800 2089 παρ’
1834 1997 1940 2064 ἕνα
1976 1999 2269 2092 χορεύειν
2305 1997 2514 2085 κύκλῳ
2546 2001 2613 2061 ⁵¹.

910 2119 1274 2186 Saltatores
1323 2146 1478 2186 vero
1528 2125 1818 2188 scaenici
1866 2127 2025 2189 satis
2075 2149 2250 2204 raro,
2304 2124 2435 2189 nisi
2483 2123 2697 2203 fallor,
2738 2121 3061 2187 consertis

823 2246 1124 2309 manibus
1165 2247 1403 2312 choros
1444 2262 1777 2326 exercent,
1815 2249 1933 2314 sed
1965 2250 2351 2338 saepissime
2391 2249 2501 2313 alii
2541 2250 2622 2312 ab
2662 2247 2806 2311 aliis
2847 2248 3062 2332 sejun-

817 2383 1069 2459 guntur
1116 2395 1246 2459 quo
1296 2373 1377 2437 ad
1429 2387 1645 2437 motus
1694 2375 1930 2466 (φοραί)
1973 2376 2107 2439 sint
2145 2374 2615 2463 expeditiore5‚
2660 2385 2882 2460 atque,
2924 2384 3060 2434 tum

819 2496 976 2558 κατὰ
1013 2496 1400 2589 στοίχουςω,
1432 2510 1572 2562 tum
1604 2500 1758 2565 κατὰ
1789 2497 1946 2592 ζυγά
1968 2500 2039 2581 ⁵²,
2067 2524 2243 2564 nunc
2273 2496 2541 2591 ὁμαρτῇ,
2566 2521 2742 2562 nunc
2770 2494 2899 2561 καθ’
2933 2493 3057 2573 ἕνα,

827 2633 1154 2709 quotquot
1184 2636 1338 2686 sunt
1368 2622 1739 2688 saltationis
1780 2624 2048 2689 habitus
2088 2625 2434 2717 (σχήματα)
2475 2623 2681 2687 edunt
2700 2625 2766 2686 53.
2808 2622 3063 2704 Quibus

819 2750 1282 2838 συγχορευταῖς
1316 2746 1652 2813 vinculum
1697 2749 1886 2814 adest
1925 2773 2263 2825 numeruS,
2304 2762 2376 2814 ut
2405 2749 2579 2813 inter
2617 2771 2847 2813 omnes
2883 2746 3067 2839 φοραὶ

827 2895 900 2934 ac
929 2873 1237 2964 σχήματα
1267 2887 1659 2963 congruant.

917 2996 1154 3060 Itidem
1194 2999 1544 3062 bacchicos
1585 2999 1933 3065 saltatores
1984 3024 2292 3064 manuum
2341 2998 2674 3064 mobilitas
2708 3000 2913 3086 juvat,
2957 2998 3068 3085 qui

775 3120 778 3122 ’
832 3120 1131 3198 saltibuS,
1184 3122 1591 3198 turbinibuS,
1648 3124 1951 3211 corporis
2010 3124 2303 3188 motibus
2359 3113 2589 3212 pronis
2647 3124 2759 3187 aut
2813 3122 3069 3211 supinis

832 3246 1258 3312 libentissimi
1317 3246 1702 3337 indulgent3
1751 3272 1949 3335 quam
2013 3248 2470 3323 mobilitatem,
2520 3247 2652 3310 nisi
2714 3271 2797 3311 ne
2844 3246 3071 3338 digitis

836 3372 1103 3462 quidem
1153 3373 1326 3436 inter
1374 3395 1442 3436 se
1492 3373 1912 3461 contingunt,
1967 3396 2228 3437 servare
2279 3385 2639 3460 nequeunt.
2684 3370 2858 3435 Illud
2898 3371 3071 3434 enim

836 3497 1176 3563 declarant
1205 3496 1531 3585 imagines
1561 3498 1803 3586 quibus
1837 3496 2242 3586 effinguntur
2271 3496 2709 3562 Bacchanalia
2727 3496 2794 3557 ⁵⁴.

918 3822 1014 3880 48.
1046 3826 1362 3906 ἦμιχόριον.

838 3926 842 3931 ’
918 3916 1013 3973 49.
1054 3919 1127 3983 εἷς
1152 3919 1412 3995 μέτωπον
1445 3917 1837 3998 (Xenophon,
1877 3920 2281 3994 Cyropaedla,
2316 3917 2372 3983 2,
2403 3915 2485 3993 3).

922 4010 1018 4067 50.
1049 4011 1127 4067 de
1155 4014 1505 4084 Saltatione,
1539 4013 1637 4070 10.

923 4104 1020 4160 51.
1065 4102 1321 4174 Ibidem,
1355 4105 1450 4162 12.

922 4196 1019 4254 52.
1061 4193 1152 4256 καὶ
1192 4204 1254 4256 τὸ
1297 4195 1393 4276 μὲν
1421 4196 1612 4278 ἐφεξῆς
1653 4192 1792 4257 εἶναι
1826 4195 1968 4257 κατὰ
2006 4205 2205 4276 μῆκος,
2237 4200 2449 4276 ζυγεῖν·
2490 4202 2554 4255 τὸ
2592 4192 2650 4254 δὲ
2688 4193 2881 4273 ἐφεξῆς
2924 4191 3064 4253 κατὰ

845 4290 1029 4370 βάθος,
1065 4289 1308 4372 στοίχειν
1340 4290 1611 4370 (Polluit,
1651 4294 2090 4361 Onomasticon,
2126 4294 2180 4361 1,
2218 4291 2449 4361 126-7).

925 4384 1020 4441 53.
1065 4383 1329 4465 σχήματα
1369 4391 1611 4445 παντοῖα
1646 4383 2005 4444 ἐπιδεικνύναι
2047 4382 2397 4463 (Lucianus,
2444 4385 2519 4440 de
2557 4384 2907 4461 Salcqtione,
2955 4378 3071 4458 10),

926 4476 1020 4534 54.
1060 4476 1154 4537 Cf.
1187 4480 1384 4549 Essai‚
1427 4478 1681 4556 passim.
